

.. Additionnal stuff here will not be managed by bibolamazi. It will also not be
.. overwritten. You can e.g. temporarily add additional references here if you
.. don't have bibolamazi installed.

@misc{other,
  title={Some unrelated bibliography entry}
}


%%%-BIB-OLA-MAZI-BEGIN-%%%
% 
% %% This bibliography database uses BIBOLAMAZI:
% %%
% %%     https://github.com/phfaist/bibolamazi
% %%
% %% See comments below this configuration section if you're new to bibolamazi.
% 
% %% This is the BIBOLAMAZI configuration section. Additional two leading
% %% percent signs indicate comments within the configuration.
% 
% %% **** SOURCES ****
% 
% %% The _first_ accessible file in _each_ source list will be read
% 
% src: srcbib/specialtests.bib
% 
% %% Add additional sources here. Alternative files are useful, e.g., if the
% %% same file is to be accessed with different paths on different machines.
% 
% %% **** FILTERS ****
% 
% %% Specify filters here. Specify as many filters as you want, each with a
% %% `filter:' directive. See also `bibolamazi --list-filters' and
% %% `bibolamazi --help <filter>', or the "Help & Reference" page of the
% %% graphical interface.
% 
% filter: citeinspirehep -sJobname=test8_jobname
% 
% filter: duplicates test8_dupfile.tex -sKeepOnlyUsedInJobname=test8_jobname
% 
% filter: orderentries -sOrder=alphabetical
% 
% 
%%%-BIB-OLA-MAZI-END-%%%

%
% This file was generated by BIBOLAMAZI 4.0b3 on 2018-08-24T00:54:57.589136
%
%     https://github.com/phfaist/bibolamazi
%
%
% ALL CHANGES BEYOND THIS POINT WILL BE LOST NEXT TIME BIBOLAMAZI IS RUN.
%

@article{inspire:'tHooft:1972fi,
    author = "'t Hooft, Gerard and Veltman, M. J. G.",
    title = "{Regularization and Renormalization of Gauge Fields}",
    journal = "Nucl. Phys.",
    volume = "B44",
    year = "1972",
    pages = "189-213",
    doi = "10.1016/0550-3213(72)90279-9",
    SLACcitation = "%%CITATION = NUPHA,B44,189;%%"
}

@article{inspire:10.1103/PhysRev.47.777,
    author = "Einstein, Albert and Podolsky, Boris and Rosen, Nathan",
    title = "{Can quantum mechanical description of physical reality be considered complete?}",
    journal = "Phys. Rev.",
    volume = "47",
    year = "1935",
    pages = "777-780",
    doi = "10.1103/PhysRev.47.777",
    SLACcitation = "%%CITATION = PHRVA,47,777;%%"
}

@article{inspire:1302.0378,
    author = "Ablinger, Jakob and Blümlein, Johannes and Schneider, Carsten",
    title = "{Analytic and Algorithmic Aspects of Generalized Harmonic Sums and Polylogarithms}",
    journal = "J. Math. Phys.",
    volume = "54",
    year = "2013",
    pages = "082301",
    doi = "10.1063/1.4811117",
    eprint = "1302.0378",
    archivePrefix = "arXiv",
    primaryClass = "math-ph",
    reportNumber = "DESY-12-210, DO-TH-13-01, SFB-CPP-12-91, LPN-12-125, DESY-12--210, DO--TH-13-01",
    SLACcitation = "%%CITATION = ARXIV:1302.0378;%%"
}

@article{inspire:1305.1258--WWgg,
    author = "Abazov, Victor Mukhamedovich and others",
    title = "{Search for anomalous quartic $WW{\gamma}{\gamma}$ couplings in dielectron and missing energy final states in $p\bar{p}$ collisions at $\sqrt{s}$ = 1.96 TeV}",
    collaboration = "D0",
    journal = "Phys. Rev.",
    volume = "D88",
    year = "2013",
    pages = "012005",
    doi = "10.1103/PhysRevD.88.012005",
    eprint = "1305.1258",
    archivePrefix = "arXiv",
    primaryClass = "hep-ex",
    reportNumber = "FERMILAB-PUB-13-133-E",
    SLACcitation = "%%CITATION = ARXIV:1305.1258;%%"
}

@article{inspire:1408.4546,
    author = "Anastasiou, Charalampos and Cancino, Julián and Chavez, Federico and Duhr, Claude and Lazopoulos, Achilleas and Mistlberger, Bernhard and Müller, Romain",
    title = "{NNLO QCD corrections to pp → γ$^{*}$ γ$^{*}$ in the large N$_{F}$ limit}",
    journal = "JHEP",
    volume = "02",
    year = "2015",
    pages = "182",
    doi = "10.1007/JHEP02(2015)182",
    eprint = "1408.4546",
    archivePrefix = "arXiv",
    primaryClass = "hep-ph",
    reportNumber = "IPPP-14-76, DCPT-14-152",
    SLACcitation = "%%CITATION = ARXIV:1408.4546;%%"
}

@article{inspire:Camb.Monogr.Part.Phys.Nucl.Phys.Cosmol.+8+1,
    author = "Ellis, R. Keith and Stirling, W. James and Webber, B. R.",
    title = "{QCD and collider physics}",
    journal = "Camb. Monogr. Part. Phys. Nucl. Phys. Cosmol.",
    volume = "8",
    year = "1996",
    pages = "1-435",
    SLACcitation = "%%CITATION = CMPCE,8,1;%%"
}

@article{inspire:Nakamura:2010zzi,
    author = "Nakamura, K. and others",
    title = "{Review of particle physics}",
    collaboration = "Particle Data Group",
    journal = "J. Phys.",
    volume = "G37",
    year = "2010",
    pages = "075021",
    doi = "10.1088/0954-3899/37/7A/075021",
    reportNumber = "FERMILAB-PUB-10-665-PPD",
    SLACcitation = "%%CITATION = JPAGA,G37,075021;%%"
}

@article{inspire:PHRVA+D66+010001,
    author = "Hagiwara, Kaoru and others",
    title = "{Review of particle physics. Particle Data Group}",
    collaboration = "Particle Data Group",
    journal = "Phys. Rev.",
    volume = "D66",
    year = "2002",
    pages = "010001",
    doi = "10.1103/PhysRevD.66.010001",
    SLACcitation = "%%CITATION = PHRVA,D66,010001;%%"
}

@phdthesis{inspire:RX-1037,
    author = "Bjorken, James Daniel",
    title = "{Experimental tests of Quantum electrodynamics and spectral representations of Green's functions in perturbation theory}",
    school = "Stanford U., Phys. Dept.",
    year = "1959",
    url = "https://inspirehep.net/record/14869/files/EXPERIMENTAL%20TESTS%20OF%20QUANTUM%20ELECTRODYNAMICS_150.pdf",
    reportNumber = "RX-1037",
    SLACcitation = "%%CITATION = RX-1037;%%"
}

@inproceedings{inspire:hep-th/0001001,
    author = "Aspinwall, Paul S.",
    title = "{Compactification, geometry and duality: N=2}",
    booktitle = "{Strings, branes and gravity. Proceedings, Theoretical Advanced Study Institute, TASI'99, Boulder, USA, May 31-June 25, 1999}",
    year = "2000",
    pages = "723-805",
    eprint = "hep-th/0001001",
    archivePrefix = "arXiv",
    primaryClass = "hep-th",
    reportNumber = "DUKE-CGTP-00-01",
    SLACcitation = "%%CITATION = HEP-TH/0001001;%%"
}
