

.. Additionnal stuff here will not be managed by bibolamazi. It will also not be
.. overwritten. You can e.g. temporarily add additional references here if you
.. don't have bibolamazi installed.


%%%-BIB-OLA-MAZI-BEGIN-%%%
%
% %% This bibliography database uses BIBOLAMAZI:
% %%
% %%     https://github.com/phfaist/bibolamazi
% %%
% %% See comments below this configuration section if you're new to bibolamazi.
%
% %% This is the BIBOLAMAZI configuration section. Additional two leading
% %% percent signs indicate comments within the configuration.
%
% %% **** SOURCES ****
%
% %% The _first_ accessible file in _each_ source list will be read
%
% src: srcbib/rt.bib
% src: srcbib/MyLibrary.bib
% src: srcbib/ABitOfLibrary.bib
% src: srcbib/specialtests.bib
%
% %% Add additional sources here. Alternative files are useful, e.g., if the
% %% same file is to be accessed with different paths on different machines.
%
% %% **** FILTERS ****
%
% %% Specify filters here. Specify as many filters as you want, each with a
% %% `filter:' directive. See also `bibolamazi --list-filters' and
% %% `bibolamazi --help <filter>', or the "Help & Reference" page of the
% %% graphical interface.
%
% filter: bibolamazi.filters:fixes -dFixSpaceAfterEscape -dRemoveTypeFromPhd -dRemoveFullBraces -sProtectNames=Maxwell,Landauer,Neumann,Szilard,Bell,I,II,XIV -dRemoveFileField -sRemoveFields=abstract -dEncodeLatexToUtf8
% filter: duplicates -dWarn -sKeepOnlyUsedInJobname=test5_job -sDupfile=test5_duplicates.tex
% filter: arxiv -sMode=eprint -sUnpublishedMode=unpublished-note -sNoteString='{\href{http://arxiv.org/abs/%(arxivid)s}{arXiv::%(arxivid)s [%(primaryclass)s]}}'
% filter: url -dStripAllIfDoiOrArxiv -dUrlFromDoi
% filter: nameinitials
%
% %% Finally, if your file is in a VCS, sort all entries by citation key so that
% %% you don't get huge file differences for each commit each time bibolamazi is
% %% run:
% filter: orderentries --order=date
%
%%%-BIB-OLA-MAZI-END-%%%
%
%
% ALL CHANGES BEYOND THIS POINT WILL BE LOST NEXT TIME BIBOLAMAZI IS RUN.
%


%
% This file was generated by BIBOLAMAZI 3.2 on 2015-12-21T00:58:03.072072
%
%     https://github.com/phfaist/bibolamazi
%
% Bibolamazi collects bib entries from the sources listed in the configuration section
% above, and merges them all into this file while applying the defined filters with
% the given options. Your sources will not be altered.
%
% Any entries ABOVE the configuration section will be preserved as is, which means that
% if you don't want to install bibolamazi or if it not installed, and you want to add
% a bibliographic entry to this file, add it AT THE TOP OF THIS FILE.
%
%





@article{specialentries,
    author = "Dupont, J. and Xyz, J. and Åserlund, Ø. and Dvořak, A.",
    journal = "Nature",
    month = "June",
    number = "9000",
    pages = "161--163",
    publisher = "Nature Publishing Group, a division of Macmillan Publishers Limited. All Rights Reserved.",
    shorttitle = "Nature",
    title = "The øverfluctuatioñ hypøthesis vêrified foor quàntum prøcesses",
    volume = "476",
    year = "2030"
}

@article{aberg_2013_worklike,
    author = "Aaberg, J.",
    title = "Truly work-like work extraction via a single-shot analysis.",
    journal = "Nature communications",
    volume = "4",
    pages = "1925",
    year = "2013",
    doi = "10.1038/ncomms2712",
    issn = "2041-1723",
    keywords = "single-shot,thermo",
    language = "en",
    mendeley-tags = "single-shot,thermo",
    month = "June",
    pmid = "23801350",
    publisher = "Nature Publishing Group",
    url = "http://dx.doi.org/10.1038/ncomms2712",
    archiveprefix = "arXiv",
    arxivid = "1110.6121",
    eprint = "1110.6121",
    primaryclass = "quant-ph"
}

@article{delRio2011Nature,
    author = "Del Rio, L. and Åberg, J. and Renner, R. and Dahlsten, O. and Vedral, V.",
    title = "The thermodynamic meaning of negative entropy",
    journal = "Nature",
    volume = "474",
    number = "7349",
    pages = "61--63",
    year = "2011",
    publisher = "Nature Publishing Group",
    doi = "10.1038/nature10123",
    issn = "1476-4687",
    keywords = "Quantum Physics,thermo",
    mendeley-tags = "thermo",
    month = "June",
    shorttitle = "Nature",
    url = "http://dx.doi.org/10.1038/nature10123",
    archiveprefix = "arXiv",
    arxivid = "1009.1630",
    eprint = "1009.1630",
    primaryclass = "quant-ph"
}

@article{dahlsten2011inadequacy,
    author = "Dahlsten, O.C.O. and Renner, R. and Rieper, E. and Vedral, V.",
    title = "Inadequacy of von {Neumann} entropy for characterizing extractable work",
    journal = "New Journal of Physics",
    volume = "13",
    pages = "053015",
    year = "2011",
    publisher = "IOP Publishing",
    doi = "10.1088/1367-2630/13/5/053015",
    issn = "1367-2630",
    keywords = "thermo",
    mendeley-tags = "thermo",
    month = "May",
    number = "5",
    url = "http://dx.doi.org/10.1088/1367-2630/13/5/053015",
    archiveprefix = "arXiv",
    arxivid = "0908.0424",
    eprint = "0908.0424",
    primaryclass = "quant-ph"
}

@article{Verlinde2011_entropic,
    author = "Verlinde, E.",
    doi = "10.1007/JHEP04(2011)029",
    issn = "1029-8479",
    journal = "Journal of High Energy Physics",
    keywords = "black holes,entropic force,gravity",
    mendeley-tags = "black holes,entropic force,gravity",
    month = "April",
    number = "4",
    pages = "29",
    title = "On the origin of gravity and the laws of Newton",
    url = "http://dx.doi.org/10.1007/JHEP04(2011)029",
    volume = "2011",
    year = "2011",
    archiveprefix = "arXiv",
    arxivid = "1001.0785",
    eprint = "1001.0785",
    primaryclass = "hep-th"
}

@unpublished{Dahlsten2009arXiv0908.0424D,
    author = "Dahlsten, O. C. O. and Renner, R. and Rieper, E. and Vedral, V.",
    keywords = "Quantum Physics,thermo",
    mendeley-tags = "thermo",
    month = "August",
    title = "The work value of information",
    year = "2009",
    note = "{\href{http://arxiv.org/abs/0908.0424}{arXiv::0908.0424 [quant-ph]}}"
}

@article{gour_measuring_2009_dupl,
    author = "Gour, G. and Marvian, I. and Spekkens, R. W.",
    title = "Measuring the quality of a quantum reference frame: The relative entropy of frameness",
    volume = "80",
    shorttitle = "Measuring the quality of a quantum reference frame",
    number = "1",
    journal = "PRA",
    month = "July",
    year = "2009",
    pages = "012307",
    url = "http://dx.doi.org/10.1103/PhysRevA.80.012307",
    doi = "10.1103/PhysRevA.80.012307",
    issn = "1050-2947",
    publisher = "American Physical Society",
    archiveprefix = "arXiv",
    arxivid = "0901.0943",
    eprint = "0901.0943",
    primaryclass = "quant-ph"
}

@article{aberg_2009_cumul,
    author = "Åberg, J. and Mitchison, G.",
    journal = "Journal of Mathematical Physics",
    month = "April",
    number = "4",
    pages = "042103",
    publisher = "AIP Publishing",
    title = "Cumulants and the moment algebra: Tools for analyzing weak measurements",
    volume = "50",
    year = "2009",
    doi = "10.1063/1.3093270",
    issn = "00222488",
    keywords = "weak measurements",
    mendeley-tags = "weak measurements",
    url = "http://dx.doi.org/10.1063/1.3093270",
    archiveprefix = "arXiv",
    arxivid = "0812.3359",
    eprint = "0812.3359",
    primaryclass = "quant-ph"
}

@article{Bell1964,
    author = "Bell, J. S.",
    issn = "0554-128X",
    journal = "Physics",
    keywords = "{Bell}'s paper,EPR paradox,entanglement,hidden variables",
    mendeley-tags = "{Bell}'s paper,EPR paradox,entanglement,hidden variables",
    pages = "195",
    publisher = "Physics Publishing Company",
    title = "On the Einstein-Podolsky-Rosen paradox",
    url = "http://books.google.co.uk/books?id=c3JDAQAAIAAJ",
    volume = "1",
    year = "1964"
}

