

.. Additionnal stuff here will not be managed by bibolamazi. It will also not be
.. overwritten. You can e.g. temporarily add additional references here if you
.. don't have bibolamazi installed.


%%%-BIB-OLA-MAZI-BEGIN-%%%
% 
% %% This bibliography database uses BIBOLAMAZI:
% %%
% %%     https://github.com/phfaist/bibolamazi
% %%
% %% See comments below this configuration section if you're new to bibolamazi.
% 
% %% This is the BIBOLAMAZI configuration section. Additional two leading
% %% percent signs indicate comments within the configuration.
% 
% %% THIS TEST TESTS BOOL FILTER OPTIONS GIVEN AS --bool-option WITHOUT ARGS.
% 
% %% **** SOURCES ****
% 
% %% The _first_ accessible file in _each_ source list will be read
% 
% src: srcbib/specialtests.bib
% 
% %% Add additional sources here. Alternative files are useful, e.g., if the
% %% same file is to be accessed with different paths on different machines.
% 
% %% **** FILTERS ****
% 
% %% Specify filters here. Specify as many filters as you want, each with a
% %% `filter:' directive. See also `bibolamazi --list-filters' and
% %% `bibolamazi --help <filter>', or the "Help & Reference" page of the
% %% graphical interface.
% 
% filter: fixes --fix-space-after-escape --no-encode-utf8-to-latex --encode-latex-to-utf8=false
%               --no-remove-type-from-phd=false
% 
% filter: nameinitials author editor -dOnlySingleLetterFirsts -dNamesToUtf8
% 
%%%-BIB-OLA-MAZI-END-%%%

%
% This file was generated by BIBOLAMAZI 4.0b3 on 2018-08-24T00:55:01.745131
%
%     https://github.com/phfaist/bibolamazi
%
%
% ALL CHANGES BEYOND THIS POINT WILL BE LOST NEXT TIME BIBOLAMAZI IS RUN.
%

@article{specialentries,
    author = "Dupont, Jean and Xyz, João and Åserlund, Øvjsesen and Dvořak, Anotonin",
    abstract = "\c{c}edilla char is in name: Fran\c{c}ois P\'erusse. You Like \b{b}ars under \b{l}etters?",
    journal = "Nature",
    month = "June",
    number = "9000",
    pages = "161--163",
    publisher = "Nature Publishing Group, a division of Macmillan Publishers Limited. All Rights Reserved.",
    shorttitle = "Nature",
    title = "{The \o{}verfluctuatio\~n hyp\o{}thesis v\^erified foor qu\`antum pr\o{}cesses}",
    url = "http://dx.doi.org/10.1038/nature1234567",
    volume = "476",
    year = "2030"
}
