

% no comma after cite key


@article{Brandao2015PNAS_secondlaws
archivePrefix = {arXiv},
arxivId = {1305.5278},
author = {Brand{\~{a}}o, Fernando and Horodecki, Micha≈Ç and Ng, Nelly and Oppenheim, Jonathan and Wehner, Stephanie},
doi = {10.1073/pnas.1411728112},
eprint = {1305.5278},
file = {:Users/philippe/ref/articles/Mendeley/Brand{\~{a}}o et al. - 2015 - The second laws of quantum thermodynamics.pdf:pdf},
issn = {0027-8424},
journal = {Proceedings of the National Academy of Sciences},
keywords = {thermo},
mendeley-tags = {thermo},
month = {feb},
number = {11},
pages = {201411728},
title = {{The second laws of quantum thermodynamics}},
url = {http://www.pnas.org/content/112/11/3275},
volume = {112},
year = {2015}
}

