

% extra comma at end

@article{Bennett1993PRL_Teleportation,
author = {Bennett, Charles H. and Brassard, Gilles and Cr{\'{e}}peau, Claude and Jozsa, Richard and Peres, Asher and Wootters, William K.},
doi = {10.1103/PhysRevLett.70.1895},
file = {:Users/philippe/ref/articles/Mendeley/Bennett et al. - 1993 - Teleporting an unknown quantum state via dual classical and Einstein-Podolsky-Rosen channels.pdf:pdf},
issn = {0031-9007},
journal = {Physical Review Letters},
month = {mar},
number = {13},
pages = {1895--1899},
publisher = {American Physical Society},
title = {{Teleporting an unknown quantum state via dual classical and Einstein-Podolsky-Rosen channels}},
url = {http://link.aps.org/doi/10.1103/PhysRevLett.70.1895},
volume = {70},
year = {1993},
}
