

% missing comma between properties

@article{Landauer1961_5392446Erasure,
author = {Landauer, Rolf},
doi = {10.1147/rd.53.0183}
file = {:Users/philippe/ref/articles/Mendeley/Landauer - 1961 - Irreversibility and Heat Generation in the Computing Process.pdf:pdf},
issn = {0018-8646}
journal = {IBM Journal of Research and Development},
keywords = {thermo},
mendeley-tags = {thermo},
month = {jul},
number = {3},
pages = {183--191}
title = {{Irreversibility and Heat Generation in the Computing Process}},
volume = {5}
year = {1961}
}
