

@article{Landauer1961_5392446Erasure,
    author = "Landauer, Rolf",
    doi = "10.1147/rd.53.0183",
    title = "Irreversibility and Heat Generation in the Computing Process",
    journal = "IBM Journal of Research and Development",
    issn = "0018-8646",
    number = "3",
    month = "July",
    volume = "5",
    year = "1961",
    keywords = "",
    pages = "183--191",
    note = "{}"
}

@article{Shannon1948BSTJ,
    author = "Shannon, Claude E.",
    title = "A Mathematical Theory of Communication",
    url = "http://cm.bell-labs.com/cm/ms/what/shannonday/paper.html",
    journal = "The Bell System Technical Journal",
    month = "July",
    volume = "27",
    year = "1948",
    pages = "379--423"
}

