

.. Additionnal stuff here will not be managed by bibolamazi. It will also not be
.. overwritten. You can e.g. temporarily add additional references here if you
.. don't have bibolamazi installed.


%%%-BIB-OLA-MAZI-BEGIN-%%%
%
% %% This bibliography database uses BIBOLAMAZI:
% %%
% %%     https://github.com/phfaist/bibolamazi
% %%
% %% See comments below this configuration section if you're new to bibolamazi.
%
% %% This is the BIBOLAMAZI configuration section. Additional two leading
% %% percent signs indicate comments within the configuration.
%
% %% **** SOURCES ****
%
% %% The _first_ accessible file in _each_ source list will be read
%
% src: srcbib/rt.bib
% src: srcbib/MyLibrary.bib
% src: srcbib/ABitOfLibrary.bib
% src: srcbib/specialtests.bib
%
% %% Add additional sources here. Alternative files are useful, e.g., if the
% %% same file is to be accessed with different paths on different machines.
%
% %% **** FILTERS ****
%
% %% Specify filters here. Specify as many filters as you want, each with a
% %% `filter:' directive. See also `bibolamazi --list-filters' and
% %% `bibolamazi --help <filter>', or the "Help & Reference" page of the
% %% graphical interface.
%
% filter: bibolamazi.filters:fixes -dFixSpaceAfterEscape -dRemoveTypeFromPhd -dRemoveFullBraces -sProtectNames=Maxwell,Landauer,Neumann,Szilard,Bell,I,II,XIV -dRemoveFileField -sRemoveFields=abstract -dEncodeLatexToUtf8
% filter: duplicates -dWarn -sDupfile=test5a_duplicates.tex
% filter: arxiv -sMode=eprint -sUnpublishedMode=unpublished-note -sNoteString='{\href{http://arxiv.org/abs/%(arxivid)s}{arXiv::%(arxivid)s [%(primaryclass)s]}}'
% filter: url -dStripAllIfDoiOrArxiv -dUrlFromDoi
% filter: nameinitials
%
% %% Finally, if your file is in a VCS, sort all entries by citation key so that
% %% you don't get huge file differences for each commit each time bibolamazi is
% %% run:
% filter: orderentries --order=date
%
%%%-BIB-OLA-MAZI-END-%%%

%
% This file was generated by BIBOLAMAZI 4.3b on 2019-07-17T23:29:38.081872
%
%     https://github.com/phfaist/bibolamazi
%
%
% ALL CHANGES BEYOND THIS POINT WILL BE LOST NEXT TIME BIBOLAMAZI IS RUN.
%

@article{specialentries,
    author = "Dupont, J. and Xyz, J. and Åserlund, Ø. and Dvořak, A.",
    journal = "Nature",
    month = "June",
    number = "9000",
    pages = "161--163",
    publisher = "Nature Publishing Group, a division of Macmillan Publishers Limited. All Rights Reserved.",
    shorttitle = "Nature",
    title = "The øverfluctuatioñ hypøthesis vêrified foor quàntum prøcesses",
    volume = "476",
    year = "2030"
}

@unpublished{Weinberg2014arXiv_without,
    author = "Weinberg, S.",
    month = "May",
    title = "Quantum Mechanics Without State Vectors",
    year = "2014",
    note = "{\href{http://arxiv.org/abs/1405.3483}{arXiv::1405.3483 [quant-ph]}}"
}

@unpublished{Lostaglio2014arXiv_beyond,
    author = "Lostaglio, M. and Jennings, D. and Rudolph, T.",
    keywords = "thermo",
    mendeley-tags = "thermo",
    month = "May",
    title = "Thermodynamic laws beyond free energy relations",
    year = "2014",
    note = "{\href{http://arxiv.org/abs/1405.2188}{arXiv::1405.2188 [quant-ph]}}"
}

@misc{Grant2014_soft_cvx,
    author = "Grant, M. and Boyd, S.",
    month = "March",
    title = "CVX: Matlab Software for Disciplined Convex Programming, version 2.1",
    url = "http://cvxr.com/cvx/",
    year = "2014"
}

@unpublished{Renes2014arXiv_workcost,
    author = "Renes, J. M.",
    keywords = "thermo",
    mendeley-tags = "thermo",
    month = "February",
    title = "Work Cost of Thermal Operations in Quantum and Nano Thermodynamics",
    year = "2014",
    note = "{\href{http://arxiv.org/abs/1402.3496}{arXiv::1402.3496 [math-ph]}}"
}

@article{Shang2013_optimal,
    author = "Shang, J. and Ng, H. K. and Sehrawat, A. and Li, X. and Englert, B.-G.",
    doi = "10.1088/1367-2630/15/12/123026",
    issn = "1367-2630",
    journal = "New Journal of Physics",
    keywords = "tomo",
    language = "en",
    mendeley-tags = "tomo",
    month = "December",
    number = "12",
    pages = "123026",
    publisher = "IOP Publishing",
    title = "Optimal error regions for quantum state estimation",
    url = "https://dx.doi.org/10.1088/1367-2630/15/12/123026",
    volume = "15",
    year = "2013",
    archiveprefix = "arXiv",
    arxivid = "1302.4081",
    eprint = "1302.4081"
}

@article{Dahlsten2013_nonequilibrium,
    author = "Dahlsten, O.",
    doi = "10.3390/e15125346",
    issn = "1099-4300",
    journal = "Entropy",
    keywords = "review,thermo",
    language = "en",
    mendeley-tags = "review,thermo",
    month = "December",
    number = "12",
    pages = "5346--5361",
    publisher = "Multidisciplinary Digital Publishing Institute",
    title = "Non-Equilibrium Statistical Mechanics Inspired by Modern Information Theory",
    url = "https://dx.doi.org/10.3390/e15125346",
    volume = "15",
    year = "2013"
}

@article{Brandao2013_resource,
    author = "Brandão, F. and Horodecki, M. and Oppenheim, J. and Renes, J. and Spekkens, R.",
    doi = "10.1103/PhysRevLett.111.250404",
    issn = "0031-9007",
    journal = "Physical Review Letters",
    keywords = "resource theory,thermo",
    mendeley-tags = "resource theory,thermo",
    month = "December",
    number = "25",
    pages = "250404",
    title = "Resource Theory of Quantum States Out of Thermal Equilibrium",
    url = "https://dx.doi.org/10.1103/PhysRevLett.111.250404",
    volume = "111",
    year = "2013",
    archiveprefix = "arXiv",
    arxivid = "1111.3882",
    eprint = "1111.3882"
}

@article{Tomamichel2013_hierarchy,
    author = "Tomamichel, M. and Hayashi, M.",
    doi = "10.1109/TIT.2013.2276628",
    issn = "0018-9448",
    journal = "IEEE Transactions on Information Theory",
    keywords = "Channel coding,Entropy,Finite block length,Protocols,Quantum mechanics,Random variables,Testing,classical information spectrum,data compression,entropies,finite block length analysis,finite block lengths,hypothesis testing entropy,{I}.{I}.d. limit,information spectrum,one-shot entropies,quantum computing,quantum domain,quantum information spectrum,quantum information theory,quantum side information,quantum tasks,randomness extraction,second-order asymptotics,source compression",
    mendeley-tags = "entropies,hypothesis testing entropy",
    month = "November",
    number = "11",
    pages = "7693--7710",
    shorttitle = "Information Theory, IEEE Transactions on",
    title = "A Hierarchy of Information Quantities for Finite Block Length Analysis of Quantum Tasks",
    url = "https://dx.doi.org/10.1109/TIT.2013.2276628",
    volume = "59",
    year = "2013",
    archiveprefix = "arXiv",
    arxivid = "1208.1478",
    eprint = "1208.1478"
}

@inproceedings{Dupuis2013_DH,
    author = "Dupuis, F. and Kraemer, L. and Faist, Ph. and Renes, J. M. and Renner, R.",
    booktitle = "XVIIth International Congress on Mathematical Physics",
    doi = "10.1142/9789814449243_0008",
    month = "November",
    pages = "134--153",
    title = "Generalized Entropies",
    year = "2013",
    archiveprefix = "arXiv",
    arxivid = "1211.3141",
    eprint = "1211.3141",
    url = "https://dx.doi.org/10.1142/9789814449243_0008"
}

@article{Barnett2013_beyond,
    author = "Barnett, S. and Vaccaro, J.",
    doi = "10.3390/e15114956",
    issn = "1099-4300",
    journal = "Entropy",
    keywords = "{Landauer}'s principle,information erasure,maximum entropy principle,spin reservoir,thermo,thermodynamics",
    language = "en",
    mendeley-tags = "{Landauer}'s principle,thermo",
    month = "November",
    number = "11",
    pages = "4956--4968",
    publisher = "Multidisciplinary Digital Publishing Institute",
    title = "Beyond {Landauer} Erasure",
    url = "https://dx.doi.org/10.3390/e15114956",
    volume = "15",
    year = "2013",
    archiveprefix = "arXiv",
    arxivid = "1310.7821",
    eprint = "1310.7821"
}

@unpublished{Browne2013arXiv_guaranteed,
    author = "Browne, C. and Garner, A. J. P. and Dahlsten, O. C. O. and Vedral, V.",
    keywords = "{Landauer}'s principle,thermo",
    mendeley-tags = "{Landauer}'s principle,thermo",
    month = "November",
    pages = "5",
    title = "Guaranteed energy-efficient bit reset in finite time",
    year = "2013",
    note = "{\href{http://arxiv.org/abs/1311.7612}{arXiv::1311.7612 [quant-ph]}}"
}

@unpublished{Frauchiger2013arXiv_truerand,
    author = "Frauchiger, D. and Renner, R. and Troyer, M.",
    keywords = "qrng,randomness extraction",
    mendeley-tags = "qrng,randomness extraction",
    month = "November",
    title = "True randomness from realistic quantum devices",
    year = "2013",
    note = "{\href{http://arxiv.org/abs/1311.4547}{arXiv::1311.4547 [quant-ph]}}"
}

@unpublished{Tomamichel2013_duality_Renyi,
    author = "Tomamichel, M. and Berta, M. and Hayashi, M.",
    keywords = "Renyi entropies",
    mendeley-tags = "Renyi entropies",
    month = "November",
    pages = "10",
    title = "A duality relation connecting different quantum generalizations of the conditional R\'enyi entropy",
    year = "2013",
    note = "{\href{http://arxiv.org/abs/1311.3887}{arXiv::1311.3887 [quant-ph]}}"
}

@article{Lieb2013_entropy_noneq,
    author = "Lieb, E. H. and Yngvason, J.",
    doi = "10.1098/rspa.2013.0408",
    issn = "1364-5021",
    journal = "Proceedings of the Royal Society. Mathematical, physical, and engineering sciences",
    month = "October",
    number = "2158",
    pages = "20130408",
    pmid = "24101892",
    title = "The entropy concept for non-equilibrium states.",
    url = "https://dx.doi.org/10.1098/rspa.2013.0408",
    volume = "469",
    year = "2013",
    archiveprefix = "arXiv",
    arxivid = "1305.3912",
    eprint = "1305.3912"
}

@article{Campisi2013_employing,
    author = "Campisi, M. and Blattmann, R. and Kohler, S. and Zueco, D. and Hänggi, P.",
    doi = "10.1088/1367-2630/15/10/105028",
    issn = "1367-2630",
    journal = "New Journal of Physics",
    keywords = "fluctuation theorems",
    language = "en",
    mendeley-tags = "fluctuation theorems",
    month = "October",
    number = "10",
    pages = "105028",
    publisher = "IOP Publishing",
    title = "Employing circuit QED to measure non-equilibrium work fluctuations",
    url = "https://dx.doi.org/10.1088/1367-2630/15/10/105028",
    volume = "15",
    year = "2013",
    archiveprefix = "arXiv",
    arxivid = "1307.2371",
    eprint = "1307.2371"
}

@unpublished{Schwemmer2013arXiv_systematic,
    author = "Schwemmer, C. and Knips, L. and Richart, D. and Moroder, T. and Kleinmann, M. and Gühne, O. and Weinfurter, H.",
    month = "October",
    pages = "8",
    title = "Systematic errors in current quantum state tomography tools",
    year = "2013",
    note = "{\href{http://arxiv.org/abs/1310.8465}{arXiv::1310.8465 [quant-ph]}}"
}

@unpublished{Gallego2013arXiv_correlated,
    author = "Gallego, R. and Riera, A. and Eisert, J.",
    keywords = "thermo",
    mendeley-tags = "thermo",
    month = "October",
    pages = "19",
    title = "Correlated thermal machines in the micro-world",
    year = "2013",
    note = "{\href{http://arxiv.org/abs/1310.8349}{arXiv::1310.8349 [quant-ph]}}"
}

@unpublished{Audenaert2013arXiv_azRenyi,
    author = "Audenaert, K. M. R. and Datta, N.",
    keywords = "Renyi entropies,entropies",
    mendeley-tags = "Renyi entropies,entropies",
    month = "October",
    pages = "26",
    title = "\alpha-z-relative Renyi entropies",
    year = "2013",
    note = "{\href{http://arxiv.org/abs/1310.7178}{arXiv::1310.7178 [quant-ph]}}"
}

@unpublished{Walter2013_tomo_bounds,
    author = "Walter, M. and Renes, J. M.",
    keywords = "tomography",
    mendeley-tags = "tomography",
    month = "October",
    pages = "17",
    title = "Lower Bounds for Quantum Parameter Estimation",
    year = "2013",
    note = "{\href{http://arxiv.org/abs/1310.2155}{arXiv::1310.2155 [quant-ph]}}"
}

@unpublished{Gour2013arXiv_resource,
    author = "Gour, G. and Müller, M. P. and Narasimhachar, V. and Spekkens, R. W. and Halpern, N. Y.",
    keywords = "thermo",
    mendeley-tags = "thermo",
    month = "September",
    pages = "51",
    title = "The resource theory of informational nonequilibrium in thermodynamics",
    year = "2013",
    note = "{\href{http://arxiv.org/abs/1309.6586}{arXiv::1309.6586 [quant-ph]}}"
}

@unpublished{Mosonyi2013_hypothesis_Renyi,
    author = "Mosonyi, M. and Ogawa, T.",
    keywords = "Renyi entropies,hypothesis testing",
    mendeley-tags = "Renyi entropies,hypothesis testing",
    month = "September",
    title = "Quantum hypothesis testing and the operational interpretation of the quantum Renyi relative entropies",
    year = "2013",
    note = "{\href{http://arxiv.org/abs/1309.3228}{arXiv::1309.3228 [quant-ph]}}"
}

@article{Lloyd2013_waiter,
    author = "Lloyd, S.",
    doi = "10.1038/nphys2633",
    issn = "1745-2473",
    journal = "Nature Physics",
    keywords = "thermo",
    mendeley-tags = "thermo",
    month = "July",
    number = "7",
    pages = "391--392",
    publisher = "Nature Publishing Group, a division of Macmillan Publishers Limited. All Rights Reserved.",
    shorttitle = "Nat Phys",
    title = "Quantum thermodynamics: Waiter, bring me ±ϵ!",
    url = "https://dx.doi.org/10.1038/nphys2633",
    volume = "9",
    year = "2013"
}

@unpublished{Skrzypczyk2013_individual,
    author = "Skrzypczyk, P. and Short, A. J. and Popescu, S.",
    keywords = "thermo",
    mendeley-tags = "thermo",
    month = "July",
    title = "Thermodynamics for individual quantum systems",
    year = "2013",
    note = "{\href{http://arxiv.org/abs/1307.1558}{arXiv::1307.1558 [quant-ph]}}"
}

@unpublished{Brown2013_decoupling,
    author = "Brown, W. and Fawzi, O.",
    keywords = "thermalization,thermo",
    mendeley-tags = "thermalization,thermo",
    month = "July",
    title = "Decoupling with random quantum circuits",
    year = "2013",
    note = "{\href{http://arxiv.org/abs/1307.0632}{arXiv::1307.0632 [quant-ph]}}"
}

@article{aberg_2013_worklike,
    author = "Aaberg, J.",
    title = "Truly work-like work extraction via a single-shot analysis.",
    journal = "Nature communications",
    volume = "4",
    pages = "1925",
    year = "2013",
    doi = "10.1038/ncomms2712",
    issn = "2041-1723",
    keywords = "single-shot,thermo",
    language = "en",
    mendeley-tags = "single-shot,thermo",
    month = "June",
    pmid = "23801350",
    publisher = "Nature Publishing Group",
    url = "https://dx.doi.org/10.1038/ncomms2712",
    archiveprefix = "arXiv",
    arxivid = "1110.6121",
    eprint = "1110.6121"
}

@article{Pereira2013_dirichlet,
    author = "Pereira, R. and Plosker, S.",
    doi = "10.1088/1751-8113/46/22/225302",
    issn = "1751-8113",
    journal = "Journal of Physics A: Mathematical and Theoretical",
    keywords = "majorization,thermo",
    language = "en",
    mendeley-tags = "majorization,thermo",
    month = "June",
    number = "22",
    pages = "225302",
    publisher = "IOP Publishing",
    title = "Dirichlet polynomials, majorization, and trumping",
    url = "https://dx.doi.org/10.1088/1751-8113/46/22/225302",
    volume = "46",
    year = "2013",
    archiveprefix = "arXiv",
    arxivid = "1310.5088",
    eprint = "1310.5088"
}

@article{Horodecki2013_ThermoMaj,
    author = "Horodecki, M. and Oppenheim, J.",
    doi = "10.1038/ncomms3059",
    issn = "2041-1723",
    journal = "Nature Communications",
    keywords = "Condensed Matter - Mesoscale and Nanoscale Physics,Condensed Matter - Statistical Mechanics,Quantum Physics",
    language = "en",
    month = "June",
    pages = "2059",
    publisher = "Nature Publishing Group",
    title = "Fundamental limitations for quantum and nanoscale thermodynamics",
    url = "https://dx.doi.org/10.1038/ncomms3059",
    volume = "4",
    year = "2013",
    archiveprefix = "arXiv",
    arxivid = "1111.3834",
    eprint = "1111.3834"
}

@article{Arrazola2013_reliable,
    author = "Arrazola, J. M. and Gittsovich, O. and Donohue, J. M. and Lavoie, J. and Resch, K. J. and Lütkenhaus, N.",
    doi = "10.1103/PhysRevA.87.062331",
    issn = "1050-2947",
    journal = "Physical Review A",
    keywords = "tomography",
    mendeley-tags = "tomography",
    month = "June",
    number = "6",
    pages = "062331",
    title = "Reliable entanglement verification",
    url = "https://dx.doi.org/10.1103/PhysRevA.87.062331",
    volume = "87",
    year = "2013",
    archiveprefix = "arXiv",
    arxivid = "1302.1182",
    eprint = "1302.1182"
}

@unpublished{Home2013_ionsreview,
    author = "Home, J. P.",
    keywords = "trapped ions",
    mendeley-tags = "trapped ions",
    month = "June",
    pages = "30",
    title = "Quantum science and metrology with mixed-species ion chains",
    year = "2013",
    note = "{\href{http://arxiv.org/abs/1306.5950}{arXiv::1306.5950 [quant-ph]}}"
}

@unpublished{Reeb2013arxiv_improving,
    author = "Reeb, D. and Wolf, M. M.",
    keywords = "thermo",
    mendeley-tags = "thermo",
    month = "June",
    pages = "32",
    title = "(Im-)Proving {Landauer}'s Principle",
    year = "2013",
    note = "{\href{http://arxiv.org/abs/1306.4352}{arXiv::1306.4352 [quant-ph]}}"
}

@article{Vitanov2013_chainrules,
    author = "Vitanov, A. and Dupuis, F. and Tomamichel, M. and Renner, R.",
    doi = "10.1109/TIT.2013.2238656",
    issn = "0018-9448",
    journal = "IEEE Transactions on Information Theory",
    keywords = "Chain rules,Entropy,Hilbert space,Information theory,Integrated circuits,Optimization,Shannon entropy,Smoothing methods,Upper bound,chain rule,one-shot information theory,smooth entropy,smooth max-entropy,smooth min-entropy,von {Neumann} entropy",
    month = "May",
    number = "5",
    pages = "2603--2612",
    shorttitle = "Information Theory, IEEE Transactions on",
    title = "Chain Rules for Smooth Min- and Max-Entropies",
    url = "https://dx.doi.org/10.1109/TIT.2013.2238656",
    volume = "59",
    year = "2013",
    archiveprefix = "arXiv",
    arxivid = "1205.5231",
    eprint = "1205.5231"
}

@unpublished{Brandao2013_secondlaws,
    author = "Brandão, F. G. S. L. and Horodecki, M. and Ng, N. H. Y. and Oppenheim, J. and Wehner, S.",
    keywords = "thermo",
    mendeley-tags = "thermo",
    month = "May",
    title = "The second laws of quantum thermodynamics",
    year = "2013",
    note = "{\href{http://arxiv.org/abs/1305.5278}{arXiv::1305.5278 [quant-ph]}}"
}

@unpublished{Aberg2013arXiv_catalytic,
    author = "Åberg, J.",
    keywords = "coherence,thermo",
    mendeley-tags = "coherence,thermo",
    month = "April",
    title = "Catalytic coherence",
    year = "2013",
    note = "{\href{http://arxiv.org/abs/1304.1060}{arXiv::1304.1060 [quant-ph]}}"
}

@article{Moskalets2013PRB_single_el_source,
    author = "Moskalets, M. and Haack, G. and Büttiker, M.",
    doi = "10.1103/PhysRevB.87.125429",
    issn = "1098-0121",
    journal = "Physical Review B",
    month = "March",
    number = "12",
    pages = "125429",
    title = "Single-electron source: Adiabatic versus nonadiabatic emission",
    url = "https://dx.doi.org/10.1103/PhysRevB.87.125429",
    volume = "87",
    year = "2013",
    archiveprefix = "arXiv",
    arxivid = "1301.6031",
    eprint = "1301.6031"
}

@article{Buscemi2013_GenThEntgl,
    author = "Buscemi, F. and Datta, N.",
    doi = "10.1109/TIT.2012.2227673",
    issn = "0018-9448",
    journal = "IEEE Transactions on Information Theory",
    keywords = "entanglement distillation",
    mendeley-tags = "entanglement distillation",
    month = "March",
    number = "3",
    pages = "1940--1954",
    title = "General Theory of Environment-Assisted Entanglement Distillation",
    url = "https://dx.doi.org/10.1109/TIT.2012.2227673",
    volume = "59",
    year = "2013",
    archiveprefix = "arXiv",
    arxivid = "1009.4464",
    eprint = "1009.4464"
}

@article{Braunstein2013PRL_blackholes,
    author = "Braunstein, S. L. and Pirandola, S. and Życzkowski, K.",
    doi = "10.1103/PhysRevLett.110.101301",
    issn = "0031-9007",
    journal = "Physical Review Letters",
    keywords = "black holes",
    mendeley-tags = "black holes",
    month = "March",
    number = "10",
    pages = "101301",
    publisher = "American Physical Society",
    shorttitle = "Phys. Rev. Lett.",
    title = "Better Late than Never: Information Retrieval from Black Holes",
    url = "https://dx.doi.org/10.1103/PhysRevLett.110.101301",
    volume = "110",
    year = "2013",
    archiveprefix = "arXiv",
    arxivid = "0907.1190",
    eprint = "0907.1190"
}

@article{Aberg2013_DirQComm,
    author = "Åberg, J. and Hengl, S. and Renner, R.",
    doi = "10.1088/1367-2630/15/3/033025",
    issn = "1367-2630",
    journal = "New Journal of Physics",
    month = "March",
    number = "3",
    pages = "033025",
    title = "Directed quantum communication",
    url = "https://dx.doi.org/10.1088/1367-2630/15/3/033025",
    volume = "15",
    year = "2013",
    archiveprefix = "arXiv",
    arxivid = "0910.1745",
    eprint = "0910.1745"
}

@unpublished{Park2013_heatengine,
    author = "Park, J. J. and Kim, K.-H. and Sagawa, T. and Kim, S. W.",
    keywords = "{Szilard} engine,thermo",
    mendeley-tags = "{Szilard} engine,thermo",
    month = "February",
    pages = "5",
    title = "Heat engine driven by purely quantum information",
    year = "2013",
    note = "{\href{http://arxiv.org/abs/1302.3011}{arXiv::1302.3011 [quant-ph]}}"
}

@unpublished{Skrzypczyk2013arXiv_extracting,
    author = "Skrzypczyk, P. and Short, A. J. and Popescu, S.",
    keywords = "thermo",
    mendeley-tags = "thermo",
    month = "February",
    pages = "15",
    title = "Extracting work from quantum systems",
    year = "2013",
    note = "{\href{http://arxiv.org/abs/1302.2811}{arXiv::1302.2811 [quant-ph]}}"
}

@article{Hutter2011_dependence,
    author = "Hutter, A. and Wehner, S.",
    doi = "10.1103/PhysRevA.87.012121",
    issn = "1050-2947",
    journal = "Physical Review A",
    month = "January",
    number = "1",
    pages = "012121",
    title = "Dependence of a quantum-mechanical system on its own initial state and the initial state of the environment it interacts with",
    url = "https://dx.doi.org/10.1103/PhysRevA.87.012121",
    volume = "87",
    year = "2013",
    archiveprefix = "arXiv",
    arxivid = "1111.3080",
    eprint = "1111.3080"
}

@article{Haenggi2013_violation,
    author = "Hänggi, E. and Wehner, S.",
    doi = "10.1038/ncomms2665",
    issn = "2041-1723",
    journal = "Nature communications",
    keywords = "thermo",
    mendeley-tags = "thermo",
    month = "January",
    pages = "1670",
    pmid = "23575674",
    publisher = "Nature Publishing Group, a division of Macmillan Publishers Limited. All Rights Reserved.",
    shorttitle = "Nat Commun",
    title = "A violation of the uncertainty principle implies a violation of the second law of thermodynamics.",
    url = "https://dx.doi.org/10.1038/ncomms2665",
    volume = "4",
    year = "2013",
    archiveprefix = "arXiv",
    arxivid = "1205.6894",
    eprint = "1205.6894"
}

@unpublished{Susskind2013_complementarity,
    author = "Susskind, L.",
    keywords = "black hole,black hole complementarity,thermo",
    mendeley-tags = "black hole,black hole complementarity,thermo",
    month = "January",
    title = "Black Hole Complementarity and the Harlow-Hayden Conjecture",
    year = "2013",
    note = "{\href{http://arxiv.org/abs/1301.4505}{arXiv::1301.4505 [hep-th]}}"
}

@unpublished{Berta2013arXiv_InfGainMeas,
    author = "Berta, M. and Renes, J. M. and Wilde, M. M.",
    month = "January",
    pages = "45",
    title = "Identifying the Information Gain of a Quantum Measurement",
    year = "2013",
    note = "{\href{http://arxiv.org/abs/1301.1594}{arXiv::1301.1594 [quant-ph]}}"
}

@article{Wilde2012JPA_simulating,
    author = "Wilde, M. M. and Hayden, P. and Buscemi, F. and Hsieh, M.-H.",
    doi = "10.1088/1751-8113/45/45/453001",
    journal = "Journal of Physics A: Mathematical and Theoretical",
    number = "45",
    pages = "453001",
    title = "The information-theoretic costs of simulating quantum measurements",
    url = "https://dx.doi.org/10.1088/1751-8113/45/45/453001",
    volume = "45",
    year = "2012",
    archiveprefix = "arXiv",
    arxivid = "1206.4121",
    eprint = "1206.4121"
}

@article{Rosset2012_implications,
    author = "Rosset, D. and Ferretti-Schöbitz, R. and Bancal, J.-D. and Gisin, N. and Liang, Y.-C.",
    doi = "10.1103/PhysRevA.86.062325",
    issn = "1050-2947",
    journal = "Physical Review A",
    keywords = "tomography",
    mendeley-tags = "tomography",
    month = "December",
    number = "6",
    pages = "062325",
    publisher = "American Physical Society",
    shorttitle = "Phys. Rev. A",
    title = "Imperfect measurement settings: Implications for quantum state tomography and entanglement witnesses",
    url = "https://dx.doi.org/10.1103/PhysRevA.86.062325",
    volume = "86",
    year = "2012",
    archiveprefix = "arXiv",
    arxivid = "1203.0911",
    eprint = "1203.0911"
}

@article{Gabelli2012_coherentRC,
    author = "Gabelli, J. and Fève, G. and Berroir, J.-M. and Plaçais, B.",
    doi = "10.1088/0034-4885/75/12/126504",
    issn = "1361-6633",
    journal = "Reports on progress in physics. Physical Society (Great Britain)",
    language = "en",
    month = "December",
    number = "12",
    pages = "126504",
    pmid = "23146911",
    publisher = "IOP Publishing",
    title = "A coherent RC circuit.",
    url = "https://dx.doi.org/10.1088/0034-4885/75/12/126504",
    volume = "75",
    year = "2012",
    archiveprefix = "arXiv",
    arxivid = "1210.2874",
    eprint = "1210.2874"
}

@unpublished{Alicki2012_extractable,
    author = "Alicki, R. and Fannes, M.",
    keywords = "thermo",
    mendeley-tags = "thermo",
    month = "November",
    pages = "4",
    title = "Extractable work from ensembles of quantum batteries. Entanglement helps",
    year = "2012",
    note = "{\href{http://arxiv.org/abs/1211.1209}{arXiv::1211.1209 [quant-ph]}}"
}

@unpublished{Faist2012arXiv,
    author = "Faist, P. and Dupuis, F. and Oppenheim, J. and Renner, R.",
    month = "November",
    pages = "16",
    title = "A Quantitative {Landauer}'s Principle",
    year = "2012",
    note = "{\href{http://arxiv.org/abs/1211.1037}{arXiv::1211.1037 [quant-ph]}}"
}

@unpublished{Micadei2012_acquiring,
    author = "Micadei, K. and Serra, R. M. and Celeri, L. C.",
    keywords = "{Landauer},thermo",
    mendeley-tags = "{Landauer},thermo",
    month = "November",
    pages = "8",
    title = "Thermodynamic cost of acquiring information",
    year = "2012",
    note = "{\href{http://arxiv.org/abs/1211.0506}{arXiv::1211.0506 [quant-ph]}}"
}

@unpublished{Anders2012_discrete,
    author = "Anders, J. and Giovannetti, V.",
    keywords = "thermo",
    mendeley-tags = "thermo",
    month = "November",
    title = "Thermodynamics of discrete quantum processes",
    year = "2012",
    note = "{\href{http://arxiv.org/abs/1211.0183}{arXiv::1211.0183 [quant-ph]}}"
}

@article{Jacobs2012_EnergyMeas,
    author = "Jacobs, K.",
    doi = "10.1103/PhysRevE.86.040106",
    issn = "1539-3755",
    journal = "Physical Review E",
    keywords = "{Landauer}'s principle,{Maxwell}'s demon,thermo",
    mendeley-tags = "{Landauer}'s principle,{Maxwell}'s demon,thermo",
    month = "October",
    number = "4",
    pages = "040106",
    publisher = "American Physical Society",
    shorttitle = "Phys. Rev. E",
    title = "Quantum measurement and the first law of thermodynamics: The energy cost of measurement is the work value of the acquired information",
    url = "https://dx.doi.org/10.1103/PhysRevE.86.040106",
    volume = "86",
    year = "2012",
    archiveprefix = "arXiv",
    arxivid = "1208.1561",
    eprint = "1208.1561"
}

@unpublished{Stark2012_computation,
    author = "Stark, C.",
    keywords = "tomo",
    mendeley-tags = "tomo",
    month = "October",
    title = "Simultaneous Estimation of Dimension, States and Measurements: Computation of representative density matrices and POVMs",
    year = "2012",
    note = "{\href{http://arxiv.org/abs/1210.1105}{arXiv::1210.1105 [quant-ph]}}"
}

@article{Flammia2012_compressed,
    author = "Flammia, S. T. and Gross, D. and Liu, Y.-K. and Eisert, J.",
    doi = "10.1088/1367-2630/14/9/095022",
    issn = "1367-2630",
    journal = "New Journal of Physics",
    keywords = "compressed sensing,tomo",
    mendeley-tags = "compressed sensing,tomo",
    month = "September",
    number = "9",
    pages = "095022",
    title = "Quantum tomography via compressed sensing: error bounds, sample complexity and efficient estimators",
    url = "https://dx.doi.org/10.1088/1367-2630/14/9/095022",
    volume = "14",
    year = "2012",
    archiveprefix = "arXiv",
    arxivid = "1205.2300",
    eprint = "1205.2300"
}

@article{Christandl2012_Tomo,
    author = "Christandl, M. and Renner, R.",
    doi = "10.1103/PhysRevLett.109.120403",
    issn = "0031-9007",
    journal = "Physical Review Letters",
    keywords = "tomo",
    mendeley-tags = "tomo",
    month = "September",
    number = "12",
    title = "Reliable Quantum State Tomography",
    url = "https://dx.doi.org/10.1103/PhysRevLett.109.120403",
    volume = "109",
    year = "2012",
    archiveprefix = "arXiv",
    arxivid = "1108.5329",
    eprint = "1108.5329"
}

@unpublished{Stark2012_rigidity,
    author = "Stark, C.",
    keywords = "tomo",
    mendeley-tags = "tomo",
    month = "September",
    title = "Simultaneous Estimation of Dimension, States and Measurements: Rigidity Considerations",
    year = "2012",
    note = "{\href{http://arxiv.org/abs/1209.6499}{arXiv::1209.6499 [quant-ph]}}"
}

@unpublished{Stark2012_gram,
    author = "Stark, C.",
    keywords = "tomo,tomography",
    mendeley-tags = "tomo,tomography",
    month = "September",
    title = "Simultaneous Estimation of Dimension, States and Measurements: Gram estimations",
    year = "2012",
    note = "{\href{http://arxiv.org/abs/1209.5737}{arXiv::1209.5737 [quant-ph]}}"
}

@unpublished{Horodecki2012arXiv_quantumness,
    author = "Horodecki, M. and Oppenheim, J.",
    keywords = "thermo",
    mendeley-tags = "thermo",
    month = "September",
    title = "(Quantumness in the context of) Resource Theories",
    year = "2012",
    note = "{\href{http://arxiv.org/abs/1209.2162}{arXiv::1209.2162 [quant-ph]}}"
}

@unpublished{Tomamichel2012arXiv_hierarchy,
    author = "Tomamichel, M. and Hayashi, M.",
    keywords = "entropies",
    mendeley-tags = "entropies",
    month = "August",
    title = "A Hierarchy of Information Quantities for Finite Block Length Analysis of Quantum Tasks",
    year = "2012",
    note = "{\href{http://arxiv.org/abs/1208.1478}{arXiv::1208.1478 [quant-ph]}}"
}

@unpublished{Brandao2012_local,
    author = "Brandão, F. G. S. L. and Harrow, A. W. and Horodecki, M.",
    month = "August",
    pages = "36",
    title = "Local random quantum circuits are approximate polynomial-designs",
    year = "2012",
    note = "{\href{http://arxiv.org/abs/1208.0692}{arXiv::1208.0692 [quant-ph]}}"
}

@unpublished{Almheiri2012_firewalls,
    author = "Almheiri, A. and Marolf, D. and Polchinski, J. and Sully, J.",
    keywords = "black holes,complementarity,firewalls",
    mendeley-tags = "black holes,complementarity,firewalls",
    month = "July",
    pages = "22",
    title = "Black Holes: Complementarity or Firewalls?",
    year = "2012",
    note = "{\href{http://arxiv.org/abs/1207.3123}{arXiv::1207.3123 [hep-th]}}"
}

@unpublished{Egloff2012arXiv,
    author = "Egloff, D. and Dahlsten, O. C. O. and Renner, R. and Vedral, V.",
    keywords = "Condensed Matter - Statistical Mechanics,Quantum Physics,thermo",
    mendeley-tags = "thermo",
    month = "July",
    pages = "13",
    title = "Laws of thermodynamics beyond the von {Neumann} regime",
    year = "2012",
    note = "{\href{http://arxiv.org/abs/1207.0434}{arXiv::1207.0434 [quant-ph]}}"
}

@unpublished{Dupuis2012_decouplingapproach,
    author = "Dupuis, F. and Szehr, O. and Tomamichel, M.",
    title = "A decoupling approach to classical data transmission over quantum channels",
    year = "2012",
    note = "{\href{http://arxiv.org/abs/1207.0067}{arXiv::1207.0067 [quant-ph]}}"
}

@unpublished{Brandao2012_exponential,
    author = "Brandão, F. G. S. L. and Horodecki, M.",
    month = "June",
    title = "Exponential Decay of Correlations Implies Area Law",
    year = "2012",
    note = "{\href{http://arxiv.org/abs/1206.2947}{arXiv::1206.2947 [quant-ph]}}"
}

@unpublished{Sagawa2012arXiv_FluctThm,
    author = "Sagawa, T. and Ueda, M.",
    keywords = "thermo",
    mendeley-tags = "thermo",
    month = "June",
    title = "Fluctuation Theorem with Information Exchange: Role of Correlations in Stochastic Thermodynamics",
    year = "2012",
    note = "{\href{http://arxiv.org/abs/1206.2479}{arXiv::1206.2479 [cond-mat.stat-mech]}}"
}

@article{brunner2011virtual,
    author = "Brunner, N. and Linden, N. and Popescu, S. and Skrzypczyk, P.",
    doi = "10.1103/PhysRevE.85.051117",
    issn = "1539-3755",
    journal = "Physical Review E",
    month = "May",
    number = "5",
    pages = "051117",
    title = "Virtual qubits, virtual temperatures, and the foundations of thermodynamics",
    url = "https://dx.doi.org/10.1103/PhysRevE.85.051117",
    volume = "85",
    year = "2012",
    archiveprefix = "arXiv",
    arxivid = "1106.2138",
    eprint = "1106.2138"
}

@article{Wang2012_oneshot,
    author = "Wang, L. and Renner, R.",
    doi = "10.1103/PhysRevLett.108.200501",
    issn = "0031-9007",
    journal = "Physical Review Letters",
    keywords = "entropies",
    mendeley-tags = "entropies",
    month = "May",
    number = "20",
    title = "One-Shot Classical-Quantum Capacity and Hypothesis Testing",
    url = "https://dx.doi.org/10.1103/PhysRevLett.108.200501",
    volume = "108",
    year = "2012"
}

@article{Sugiyama2012PRA_AdaptiveTomo,
    author = "Sugiyama, T. and Turner, P. S. and Murao, M.",
    doi = "10.1103/PhysRevA.85.052107",
    issn = "1050-2947",
    journal = "Physical Review A",
    month = "May",
    number = "5",
    pages = "52107",
    publisher = "American Physical Society",
    title = "Adaptive experimental design for one-qubit state estimation with finite data based on a statistical update criterion",
    url = "https://dx.doi.org/10.1103/PhysRevA.85.052107",
    volume = "85",
    year = "2012",
    archiveprefix = "arXiv",
    arxivid = "1203.3391",
    eprint = "1203.3391"
}

@article{Coles2012PRL_UncertRel,
    author = "Coles, P. and Colbeck, R. and Yu, L. and Zwolak, M.",
    doi = "10.1103/PhysRevLett.108.210405",
    issn = "0031-9007",
    journal = "Physical Review Letters",
    month = "May",
    number = "21",
    pages = "210405",
    publisher = "American Physical Society",
    title = "Uncertainty Relations from Simple Entropic Properties",
    url = "https://dx.doi.org/10.1103/PhysRevLett.108.210405",
    volume = "108",
    year = "2012"
}

@article{Teo2012PRA,
    author = "Teo, Y. S. and Stoklasa, B. and Englert, B.-G. and Řeháček, J. and Hradil, Z.",
    doi = "10.1103/PhysRevA.85.042317",
    issn = "1050-2947",
    journal = "Physical Review A",
    month = "April",
    number = "4",
    pages = "42317",
    publisher = "American Physical Society",
    title = "Incomplete quantum state estimation: A comprehensive study",
    url = "https://dx.doi.org/10.1103/PhysRevA.85.042317",
    volume = "85",
    year = "2012",
    archiveprefix = "arXiv",
    arxivid = "1202.1713",
    eprint = "1202.1713"
}

@article{Usmani2012NPhot,
    author = "Usmani, I. and Clausen, C. and Bussières, F. and Sangouard, N. and Afzelius, M. and Gisin, N.",
    doi = "10.1038/nphoton.2012.34",
    issn = "1749-4885",
    journal = "Nature Photonics",
    month = "March",
    number = "4",
    pages = "234--237",
    title = "Heralded quantum entanglement between two crystals",
    url = "https://dx.doi.org/10.1038/nphoton.2012.34",
    volume = "6",
    year = "2012",
    archiveprefix = "arXiv",
    arxivid = "1109.0440",
    eprint = "1109.0440"
}

@phdthesis{PhDTomamichel2012,
    author = "Tomamichel, M.",
    month = "March",
    number = "20213",
    school = "ETH Zurich",
    title = "A Framework for Non-Asymptotic Quantum Information Theory",
    year = "2012",
    note = "{\href{http://arxiv.org/abs/1203.2142}{arXiv::1203.2142 [quant-ph]}}"
}

@article{Berut2012_experimental,
    author = "Bérut, A. and Arakelyan, A. and Petrosyan, A. and Ciliberto, S. and Dillenschneider, R. and Lutz, E.",
    doi = "10.1038/nature10872",
    issn = "1476-4687",
    journal = "Nature",
    keywords = "experiment,{Landauer}'s principle",
    mendeley-tags = "experiment,{Landauer}'s principle",
    month = "March",
    number = "7388",
    pages = "187--9",
    pmid = "22398556",
    publisher = "Nature Publishing Group, a division of Macmillan Publishers Limited. All Rights Reserved.",
    shorttitle = "Nature",
    title = "Experimental verification of {Landauer}'s principle linking information and thermodynamics.",
    url = "https://dx.doi.org/10.1038/nature10872",
    volume = "483",
    year = "2012"
}

@article{Yao2012Nat,
    author = "Yao, X.-C. and Wang, T.-X. and Chen, H.-Z. and Gao, W.-B. and Fowler, A. G. and Raussendorf, R. and Chen, Z.-B. and Liu, N.-L. and Lu, C.-Y. and Deng, Y.-J. and Chen, Y.-A. and Pan, J.-W.",
    doi = "10.1038/nature10770",
    issn = "1476-4687",
    journal = "Nature",
    month = "February",
    number = "7386",
    pages = "489--94",
    pmid = "22358838",
    title = "Experimental demonstration of topological error correction.",
    url = "https://dx.doi.org/10.1038/nature10770",
    volume = "482",
    year = "2012",
    archiveprefix = "arXiv",
    arxivid = "1202.5459",
    eprint = "1202.5459"
}

@article{Trotzky2012_relaxation,
    author = "Trotzky, S. and Chen, Y.-A. and Flesch, A. and McCulloch, I. P. and Schollwöck, U. and Eisert, J. and Bloch, I.",
    doi = "10.1038/nphys2232",
    issn = "1745-2473",
    journal = "Nature Physics",
    month = "February",
    number = "4",
    pages = "325--330",
    publisher = "Nature Publishing Group",
    shorttitle = "Nat Phys",
    title = "Probing the relaxation towards equilibrium in an isolated strongly correlated one-dimensional Bose gas",
    url = "https://dx.doi.org/10.1038/nphys2232",
    volume = "8",
    year = "2012",
    archiveprefix = "arXiv",
    arxivid = "1101.2659",
    eprint = "1101.2659"
}

@article{Smolin2012PRL_EfficientMLE,
    author = "Smolin, J. and Gambetta, J. and Smith, G.",
    doi = "10.1103/PhysRevLett.108.070502",
    issn = "0031-9007",
    journal = "Physical Review Letters",
    month = "February",
    number = "7",
    pages = "70502",
    publisher = "American Physical Society",
    title = "Efficient Method for Computing the Maximum-Likelihood Quantum State from Measurements with Additive Gaussian Noise",
    url = "https://dx.doi.org/10.1103/PhysRevLett.108.070502",
    volume = "108",
    year = "2012",
    archiveprefix = "arXiv",
    arxivid = "1106.5458",
    eprint = "1106.5458"
}

@article{Riera2012_thermalization,
    author = "Riera, A. and Gogolin, C. and Eisert, J.",
    doi = "10.1103/PhysRevLett.108.080402",
    issn = "0031-9007",
    journal = "Physical Review Letters",
    keywords = "thermo",
    mendeley-tags = "thermo",
    month = "February",
    number = "8",
    pages = "4",
    title = "Thermalization in Nature and on a Quantum Computer",
    url = "https://dx.doi.org/10.1103/PhysRevLett.108.080402",
    volume = "108",
    year = "2012",
    archiveprefix = "arXiv",
    arxivid = "1102.2389",
    eprint = "1102.2389"
}

@article{Renner2012_fridgegate,
    author = "Renner, R.",
    doi = "10.1038/482164a",
    issn = "1476-4687",
    journal = "Nature",
    month = "February",
    number = "7384",
    pages = "164--165",
    pmid = "22318595",
    title = "Thermodynamics: The fridge gate.",
    url = "https://dx.doi.org/10.1038/482164a",
    volume = "482",
    year = "2012"
}

@unpublished{BlumeKohout2012arXiv_Tomo,
    author = "Blume-Kohout, R.",
    keywords = "Quantum Physics",
    month = "February",
    title = "Robust error bars for quantum tomography",
    year = "2012",
    note = "{\href{http://arxiv.org/abs/1202.5270}{arXiv::1202.5270 [quant-ph]}}"
}

@article{Ferrie2012AIPConfProc,
    author = "Ferrie, C. and Blume-Kohout, R.",
    editor = "Goyal, Philip and Giffin, Adom and Knuth, Kevin H and Vrscay, Edward",
    doi = "10.1063/1.3703615",
    journal = "AIP Conference Proceedings",
    month = "January",
    number = "1",
    pages = "10",
    publisher = "AIP",
    title = "Estimating the bias of a noisy coin",
    url = "https://dx.doi.org/10.1063/1.3703615",
    volume = "1443",
    year = "2012",
    archiveprefix = "arXiv",
    arxivid = "1201.1493",
    eprint = "1201.1493"
}

@article{Fedorov2012Nat,
    author = "Fedorov, A. and Steffen, L. and Baur, M. and da Silva, M. P. and Wallraff, A.",
    doi = "10.1038/nature10713",
    issn = "1476-4687",
    journal = "Nature",
    month = "January",
    number = "7380",
    pages = "170--2",
    pmid = "22170609",
    publisher = "Nature Publishing Group",
    title = "Implementation of a Toffoli gate with superconducting circuits.",
    url = "https://dx.doi.org/10.1038/nature10713",
    volume = "481",
    year = "2012",
    archiveprefix = "arXiv",
    arxivid = "1108.3966",
    eprint = "1108.3966"
}

@article{Bruening2012JMO_ParamDM,
    author = "Brüning, E. and Mäkelä, H. and Messina, A. and Petruccione, F.",
    doi = "10.1080/09500340.2011.632097",
    issn = "0950-0340",
    journal = "Journal of Modern Optics",
    month = "January",
    number = "1",
    pages = "1--20",
    title = "Parametrizations of density matrices",
    url = "https://dx.doi.org/10.1080/09500340.2011.632097",
    volume = "59",
    year = "2012"
}

@article{Teo2011PRA,
    author = "Teo, Y. and Englert, B.-G. and Řeháček, J. and Hradil, Z.",
    doi = "10.1103/PhysRevA.84.062125",
    issn = "1050-2947",
    journal = "Physical Review A",
    month = "December",
    number = "6",
    pages = "62125",
    publisher = "American Physical Society",
    title = "Adaptive schemes for incomplete quantum process tomography",
    url = "https://dx.doi.org/10.1103/PhysRevA.84.062125",
    volume = "84",
    year = "2011",
    archiveprefix = "arXiv",
    arxivid = "1110.1202",
    eprint = "1110.1202"
}

@article{Szehr2011_decoupling,
    author = "Szehr, O. and Dupuis, F. and Tomamichel, M. and Renner, R.",
    doi = "10.1088/1367-2630/15/5/053022",
    journal = "New Journal of Physics",
    number = "5",
    pages = "53022",
    title = "Decoupling with unitary approximate two-designs",
    url = "https://dx.doi.org/10.1088/1367-2630/15/5/053022",
    volume = "15",
    year = "2011",
    archiveprefix = "arXiv",
    arxivid = "1109.4348",
    eprint = "1109.4348"
}

@article{Skrzypczyk2010_smallfridge,
    author = "Skrzypczyk, P. and Brunner, N. and Linden, N. and Popescu, S.",
    doi = "10.1088/1751-8113/44/49/492002",
    issn = "1751-8113",
    journal = "Journal of Physics A: Mathematical and Theoretical",
    month = "December",
    number = "49",
    pages = "492002",
    title = "The smallest refrigerators can reach maximal efficiency",
    url = "https://dx.doi.org/10.1088/1751-8113/44/49/492002",
    volume = "44",
    year = "2011",
    archiveprefix = "arXiv",
    arxivid = "1009.0865",
    eprint = "1009.0865"
}

@unpublished{Sagawa2011arXiv_InfTh,
    author = "Sagawa, T. and Ueda, M.",
    keywords = "thermo",
    mendeley-tags = "thermo",
    month = "November",
    title = "Information Thermodynamics: {Maxwell}'s Demon in Nonequilibrium Dynamics",
    year = "2011",
    note = "{\href{http://arxiv.org/abs/1111.5769}{arXiv::1111.5769 [cond-mat.stat-mech]}}"
}

@unpublished{Brandao2011arXiv,
    author = "Brandão, F. G. S. L. and Horodecki, M. and Oppenheim, J. and Renes, J. M. and Spekkens, R. W.",
    keywords = "resource theory,thermo",
    mendeley-tags = "resource theory,thermo",
    month = "November",
    pages = "12",
    title = "The Resource Theory of Quantum States Out of Thermal Equilibrium",
    year = "2011",
    note = "{\href{http://arxiv.org/abs/1111.3882}{arXiv::1111.3882 [quant-ph]}}"
}

@article{Allahverdyan2011_dynamic,
    author = "Allahverdyan, A. and Hovhannisyan, K. and Janzing, D. and Mahler, G.",
    doi = "10.1103/PhysRevE.84.041109",
    issn = "1539-3755",
    journal = "Physical Review E",
    keywords = "thermo",
    mendeley-tags = "thermo",
    month = "October",
    number = "4",
    pages = "041109",
    title = "Thermodynamic limits of dynamic cooling",
    volume = "84",
    year = "2011",
    archiveprefix = "arXiv",
    arxivid = "1107.1044",
    eprint = "1107.1044",
    url = "https://dx.doi.org/10.1103/PhysRevE.84.041109"
}

@unpublished{Aberg2011arXiv_worklike,
    author = "Åberg, J.",
    keywords = "single-shot,thermo",
    mendeley-tags = "single-shot,thermo",
    month = "October",
    title = "Truly work-like work extraction",
    year = "2011",
    note = "{\href{http://arxiv.org/abs/1110.6121}{arXiv::1110.6121 [quant-ph]}}"
}

@article{Tomamichel2011TIT_LeftoverHashing,
    author = "Tomamichel, M. and Schaffner, C. and Smith, A. and Renner, R.",
    doi = "10.1109/TIT.2011.2158473",
    issn = "0018-9448",
    journal = "IEEE Transactions on Information Theory",
    keywords = "cryptography,information processing,leftover hash",
    month = "August",
    number = "8",
    pages = "5524--5535",
    title = "Leftover Hashing Against Quantum Side Information",
    url = "https://dx.doi.org/10.1109/TIT.2011.2158473",
    volume = "57",
    year = "2011",
    archiveprefix = "arXiv",
    arxivid = "1002.2436",
    eprint = "1002.2436"
}

@unpublished{Christandl2011arXiv1108.5329C,
    author = "Christandl, M. and Renner, R.",
    keywords = "Mathematical Physics,Quantum Physics",
    month = "August",
    title = "Reliable Quantum State Tomography",
    year = "2011",
    note = "{\href{http://arxiv.org/abs/1108.5329}{arXiv::1108.5329 [quant-ph]}}"
}

@mastersthesis{Hutter2011MastTh_understanding,
    author = "Hutter, A.",
    month = "July",
    school = "ETH Zurich",
    title = "Understanding Equipartition and Thermalization from Decoupling",
    url = "http://quantuminfo.quantumlah.org/AdrianHutterMasterThesis.pdf",
    year = "2011"
}

@article{Campisi2011RMP_colloquium,
    author = "Campisi, M. and Hänggi, P. and Talkner, P.",
    doi = "10.1103/RevModPhys.83.771",
    issn = "0034-6861",
    journal = "Reviews of Modern Physics",
    keywords = "fluctuation theorems",
    mendeley-tags = "fluctuation theorems",
    month = "July",
    number = "3",
    pages = "771--791",
    publisher = "American Physical Society",
    shorttitle = "Rev. Mod. Phys.",
    title = "Colloquium: Quantum fluctuation relations: Foundations and applications",
    url = "https://dx.doi.org/10.1103/RevModPhys.83.771",
    volume = "83",
    year = "2011",
    archiveprefix = "arXiv",
    arxivid = "1012.2268",
    eprint = "1012.2268"
}

@article{del2011thermodynamic,
    author = "Del Rio, L. and Åberg, J. and Renner, R. and Dahlsten, O. and Vedral, V.",
    title = "The thermodynamic meaning of negative entropy",
    journal = "Nature",
    volume = "474",
    number = "7349",
    pages = "61--63",
    year = "2011",
    publisher = "Nature Publishing Group",
    doi = "10.1038/nature10123",
    issn = "1476-4687",
    keywords = "Quantum Physics,thermo",
    mendeley-tags = "thermo",
    month = "June",
    shorttitle = "Nature",
    url = "https://dx.doi.org/10.1038/nature10123",
    archiveprefix = "arXiv",
    arxivid = "1009.1630",
    eprint = "1009.1630"
}

@article{Schmied2011arXiv1101.4131S,
    author = "Schmied, R. and Treutlein, P.",
    doi = "10.1088/1367-2630/13/6/065019",
    issn = "1367-2630",
    journal = "New Journal of Physics",
    keywords = "Quantum Physics",
    month = "June",
    number = "6",
    pages = "065019",
    title = "Tomographic reconstruction of the Wigner function on the Bloch sphere",
    url = "https://dx.doi.org/10.1088/1367-2630/13/6/065019",
    volume = "13",
    year = "2011",
    archiveprefix = "arXiv",
    arxivid = "1101.4131",
    eprint = "1101.4131"
}

@article{Eichler2010arXiv1011.6668E,
    author = "Eichler, C. and Bozyigit, D. and Lang, C. and Steffen, L. and Fink, J. and Wallraff, A.",
    doi = "10.1103/PhysRevLett.106.220503",
    issn = "0031-9007",
    journal = "Physical Review Letters",
    keywords = "Condensed Matter - Mesoscale and Nanoscale Physic,Condensed Matter - Superconductivity,Quantum Physics",
    month = "June",
    number = "22",
    pages = "4",
    title = "Experimental State Tomography of Itinerant Single Microwave Photons",
    url = "https://dx.doi.org/10.1103/PhysRevLett.106.220503",
    volume = "106",
    year = "2011",
    archiveprefix = "arXiv",
    arxivid = "1011.6668",
    eprint = "1011.6668"
}

@article{dahlsten2011inadequacy,
    author = "Dahlsten, O.C.O. and Renner, R. and Rieper, E. and Vedral, V.",
    title = "Inadequacy of von {Neumann} entropy for characterizing extractable work",
    journal = "New Journal of Physics",
    volume = "13",
    pages = "053015",
    year = "2011",
    publisher = "IOP Publishing",
    doi = "10.1088/1367-2630/13/5/053015",
    issn = "1367-2630",
    keywords = "thermo",
    mendeley-tags = "thermo",
    month = "May",
    number = "5",
    url = "https://dx.doi.org/10.1088/1367-2630/13/5/053015",
    archiveprefix = "arXiv",
    arxivid = "0908.0424",
    eprint = "0908.0424"
}

@article{Verlinde2011_entropic,
    author = "Verlinde, E.",
    doi = "10.1007/JHEP04(2011)029",
    issn = "1029-8479",
    journal = "Journal of High Energy Physics",
    keywords = "black holes,entropic force,gravity",
    mendeley-tags = "black holes,entropic force,gravity",
    month = "April",
    number = "4",
    pages = "29",
    title = "On the origin of gravity and the laws of Newton",
    url = "https://dx.doi.org/10.1007/JHEP04(2011)029",
    volume = "2011",
    year = "2011",
    archiveprefix = "arXiv",
    arxivid = "1001.0785",
    eprint = "1001.0785"
}

@mastersthesis{PhF2011MasterThesis,
    author = "Faist, P.",
    month = "March",
    school = "ETH Zürich",
    title = "Thermodynamic State Preparation",
    year = "2011"
}

@incollection{Liu2011NIPS,
    author = "Liu, Y.-K.",
    booktitle = "Advances in Neural Information Processing Systems 24",
    keywords = "compressed sensing,tomo",
    mendeley-tags = "compressed sensing,tomo",
    month = "March",
    pages = "1638--1646",
    title = "Universal low-rank matrix recovery from Pauli measurements",
    year = "2011",
    archiveprefix = "arXiv",
    arxivid = "1103.2816",
    eprint = "1103.2816"
}

@article{Haagerup2011_factorization,
    author = "Haagerup, U. and Musat, M.",
    doi = "10.1007/s00220-011-1216-y",
    issn = "0010-3616",
    journal = "Communications in Mathematical Physics",
    keywords = "majorization,thermo,unital",
    mendeley-tags = "majorization,thermo,unital",
    month = "March",
    number = "2",
    pages = "555--594",
    title = "Factorization and Dilation Problems for Completely Positive Maps on von {Neumann} Algebras",
    url = "https://dx.doi.org/10.1007/s00220-011-1216-y",
    volume = "303",
    year = "2011",
    archiveprefix = "arXiv",
    arxivid = "1009.0778",
    eprint = "1009.0778"
}

@incollection{Zanchini2011_thermodynamics,
    author = "Beretta, G. P. and Zanchini, E.",
    editor = "Tadashi, Mizutani",
    booktitle = "Thermodynamics",
    chapter = "2",
    doi = "10.5772/13371",
    isbn = "978-953-307-544-0",
    issn = "978-953-307-544-0",
    keywords = "entropy,thermo",
    language = "en",
    mendeley-tags = "entropy,thermo",
    month = "January",
    pages = "23--50",
    publisher = "InTech",
    title = "Rigorous and General Definition of Thermodynamic Entropy",
    url = "https://dx.doi.org/10.5772/13371",
    year = "2011",
    archiveprefix = "arXiv",
    arxivid = "1010.0813",
    eprint = "1010.0813"
}

@article{Sugiyama2011PRA_Errors,
    author = "Sugiyama, T. and Turner, P. and Murao, M.",
    doi = "10.1103/PhysRevA.83.012105",
    issn = "1050-2947",
    journal = "Physical Review A",
    month = "January",
    number = "1",
    pages = "12105",
    publisher = "American Physical Society",
    title = "Error probability analysis in quantum tomography: A tool for evaluating experiments",
    url = "https://dx.doi.org/10.1103/PhysRevA.83.012105",
    volume = "83",
    year = "2011",
    archiveprefix = "arXiv",
    arxivid = "1009.2164",
    eprint = "1009.2164"
}

@article{Gogolin2011_absence,
    author = "Gogolin, C. and Müller, M. P. and Eisert, J.",
    doi = "10.1103/PhysRevLett.106.040401",
    issn = "0031-9007",
    journal = "Physical Review Letters",
    month = "January",
    number = "4",
    pages = "040401",
    title = "Absence of Thermalization in Nonintegrable Systems",
    url = "https://dx.doi.org/10.1103/PhysRevLett.106.040401",
    volume = "106",
    year = "2011",
    archiveprefix = "arXiv",
    arxivid = "1009.2493",
    eprint = "1009.2493"
}

@article{Bennett2011_PostulatesGenuineMultipartCorr,
    author = "Bennett, C. H. and Grudka, A. and Horodecki, M. and Horodecki, P. and Horodecki, R.",
    doi = "10.1103/PhysRevA.83.012312",
    issn = "1050-2947",
    journal = "Physical Review A",
    month = "January",
    number = "1",
    pages = "12312",
    publisher = "American Physical Society",
    title = "Postulates for measures of genuine multipartite correlations",
    url = "https://dx.doi.org/10.1103/PhysRevA.83.012312",
    volume = "83",
    year = "2011"
}

@article{VanRaamsdonk2010_spacetime,
    author = "Van Raamsdonk, M.",
    doi = "10.1142/S0218271810018529",
    issn = "0218-2718",
    journal = "International Journal of Modern Physics D",
    keywords = "black holes,entanglement,space-time",
    language = "en",
    mendeley-tags = "black holes,entanglement,space-time",
    month = "December",
    number = "14",
    pages = "2429--2435",
    publisher = "World Scientific Publishing Company",
    title = "Building Up Space-Time With Quantum Entanglement",
    url = "https://dx.doi.org/10.1142/S0218271810018529",
    volume = "19",
    year = "2010",
    archiveprefix = "arXiv",
    arxivid = "1005.3035",
    eprint = "1005.3035"
}

@book{BookMarshall2010Inequalities,
    author = "Marshall, A. W. and Olkin, I. and Arnold, B. C.",
    isbn = "0387400877",
    keywords = "inequalities,majorization,thermo",
    mendeley-tags = "inequalities,majorization,thermo",
    pages = "909",
    publisher = "Springer",
    title = "Inequalities: Theory of Majorization and Its Applications",
    url = "http://books.google.com/books?id=jE11p6ziLJ0C&pgis=1",
    year = "2010"
}

@book{BookLeffRex2010,
    author = "Leff, H. S. and Rex, A. F.",
    isbn = "9780750307598",
    keywords = "{Landauer}'s principle,{Maxwell}'s demon,thermo",
    mendeley-tags = "{Landauer}'s principle,{Maxwell}'s demon,thermo",
    pages = "502",
    publisher = "Taylor & Francis, 2010",
    title = "{Maxwell}'s Demon 2: Entropy, Classical and Quantum Information, Computing",
    url = "http://books.google.com/books?id=VNKCsQt75_UC&pgis=1",
    year = "2010"
}

@unpublished{Dupuis2010arXiv_decoupling,
    author = "Dupuis, F. and Berta, M. and Wullschleger, J. and Renner, R.",
    month = "December",
    title = "One-shot decoupling",
    year = "2010",
    note = "{\href{http://arxiv.org/abs/1012.6044}{arXiv::1012.6044 [quant-ph]}}"
}

@article{Oppenheim2010_uncertainty,
    author = "Oppenheim, J. and Wehner, S.",
    doi = "10.1126/science.1192065",
    issn = "1095-9203",
    journal = "Science (New York, N.Y.)",
    month = "November",
    number = "6007",
    pages = "1072--4",
    pmid = "21097930",
    title = "The uncertainty principle determines the nonlocality of quantum mechanics.",
    url = "https://dx.doi.org/10.1126/science.1192065",
    volume = "330",
    year = "2010"
}

@article{Facchi2010_Fisher,
    author = "Facchi, P. and Kulkarni, R. and Man'ko, V.I. and Marmo, G. and Sudarshan, E.C.G. and Ventriglia, F.",
    doi = "10.1016/j.physleta.2010.10.005",
    issn = "03759601",
    journal = "Physics Letters A",
    keywords = "bures metric,fisher information,tomo",
    mendeley-tags = "bures metric,fisher information,tomo",
    month = "November",
    number = "48",
    pages = "4801--4803",
    title = "Classical and quantum Fisher information in the geometrical formulation of quantum mechanics",
    url = "https://dx.doi.org/10.1016/j.physleta.2010.10.005",
    volume = "374",
    year = "2010"
}

@article{BlumeKohout2010PRL_HedgedMLE,
    author = "Blume-Kohout, R.",
    doi = "10.1103/PhysRevLett.105.200504",
    issn = "0031-9007",
    journal = "Physical Review Letters",
    month = "November",
    number = "20",
    pages = "200504",
    publisher = "American Physical Society",
    title = "Hedged Maximum Likelihood Quantum State Estimation",
    url = "https://dx.doi.org/10.1103/PhysRevLett.105.200504",
    volume = "105",
    year = "2010"
}

@article{Bianchetti2010_PhysRevLett105,
    author = "Bianchetti, R. and Filipp, S. and Baur, M. and Fink, J. and Lang, C. and Steffen, L. and Boissonneault, M. and Blais, A. and Wallraff, A.",
    doi = "10.1103/PhysRevLett.105.223601",
    issn = "0031-9007",
    journal = "Physical Review Letters",
    month = "November",
    number = "22",
    pages = "223601",
    publisher = "American Physical Society",
    title = "Control and Tomography of a Three Level Superconducting Artificial Atom",
    url = "https://dx.doi.org/10.1103/PhysRevLett.105.223601",
    volume = "105",
    year = "2010"
}

@article{Refaghat2010JGLTA_NumOfGZPatt,
    author = "Refaghat, H. and Shahryari, M.",
    doi = "10.4303/jglta/G100201",
    issn = "1736-5279",
    journal = "Journal of Generalized Lie Theory and Applications",
    month = "October",
    number = "1",
    pages = "1--8",
    publisher = "Ashdin Publishing",
    title = "A formula for the number of Gelfand-Zetlin patterns",
    url = "https://dx.doi.org/10.4303/jglta/G100201",
    volume = "4",
    year = "2010"
}

@article{Gross2010PRL,
    author = "Gross, D. and Liu, Y.-K. and Flammia, S. and Becker, S. and Eisert, J.",
    doi = "10.1103/PhysRevLett.105.150401",
    issn = "0031-9007",
    journal = "Physical Review Letters",
    month = "October",
    number = "15",
    pages = "150401",
    publisher = "American Physical Society",
    title = "Quantum State Tomography via Compressed Sensing",
    url = "https://dx.doi.org/10.1103/PhysRevLett.105.150401",
    volume = "105",
    year = "2010",
    archiveprefix = "arXiv",
    arxivid = "0909.3304",
    eprint = "0909.3304"
}

@article{linden2010small,
    author = "Linden, N. and Popescu, S. and Skrzypczyk, P.",
    title = "How small can thermal machines be? The smallest possible refrigerator",
    journal = "Physical Review Letters",
    volume = "105",
    number = "13",
    pages = "130401",
    year = "2010",
    publisher = "APS",
    doi = "10.1103/PhysRevLett.105.130401",
    issn = "0031-9007",
    keywords = "thermo",
    mendeley-tags = "thermo",
    month = "September",
    url = "https://dx.doi.org/10.1103/PhysRevLett.105.130401",
    archiveprefix = "arXiv",
    arxivid = "0908.2076",
    eprint = "0908.2076"
}

@article{Tomamichel2010IEEE_Duality,
    author = "Tomamichel, M. and Colbeck, R. and Renner, R.",
    doi = "10.1109/TIT.2010.2054130",
    issn = "0018-9448",
    journal = "IEEE Transactions on Information Theory",
    month = "September",
    number = "9",
    pages = "4674--4681",
    title = "Duality Between Smooth Min- and Max-Entropies",
    url = "https://dx.doi.org/10.1109/TIT.2010.2054130",
    volume = "56",
    year = "2010",
    archiveprefix = "arXiv",
    arxivid = "0907.5238",
    eprint = "0907.5238"
}

@mastersthesis{Egloff2010MasterThesis,
    author = "Egloff, D.",
    month = "August",
    school = "ETH Zürich",
    title = "Work Value of Mixed States",
    year = "2010"
}

@unpublished{Petz2010_qfisher,
    author = "Petz, D. and Ghinea, C.",
    month = "August",
    pages = "21",
    title = "Introduction to quantum Fisher information",
    year = "2010",
    note = "{\href{http://arxiv.org/abs/1008.2417}{arXiv::1008.2417 [quant-ph]}}"
}

@article{Berta2010_uncertainty,
    author = "Berta, M. and Christandl, M. and Colbeck, R. and Renes, J. M. and Renner, R.",
    doi = "10.1038/nphys1734",
    issn = "1745-2473",
    journal = "Nature Physics",
    keywords = "entropies,uncertainty",
    mendeley-tags = "entropies,uncertainty",
    month = "July",
    number = "9",
    pages = "659--662",
    publisher = "Nature Publishing Group",
    shorttitle = "Nat Phys",
    title = "The uncertainty principle in the presence of quantum memory",
    url = "https://dx.doi.org/10.1038/nphys1734",
    volume = "6",
    year = "2010",
    archiveprefix = "arXiv",
    arxivid = "0909.0950",
    eprint = "0909.0950"
}

@article{Candes2010ProcIEEE,
    author = "Candes, E. J. and Plan, Y.",
    doi = "10.1109/JPROC.2009.2035722",
    issn = "0018-9219",
    journal = "Proceedings of the IEEE",
    keywords = "compressed sensing,convex optimization problem,dat",
    month = "June",
    number = "6",
    pages = "925--936",
    title = "Matrix Completion With Noise",
    url = "https://dx.doi.org/10.1109/JPROC.2009.2035722",
    volume = "98",
    year = "2010"
}

@article{Anders2010_LPQuantDomain,
    author = "Anders, J. and Shabbir, S. and Hilt, S. and Lutz, E.",
    doi = "10.4204/EPTCS.26.2",
    issn = "2075-2180",
    journal = "Electronic Proceedings in Theoretical Computer Science",
    keywords = "{Landauer}'s principle,quantum,thermo",
    mendeley-tags = "{Landauer}'s principle,quantum,thermo",
    month = "June",
    pages = "13--18",
    title = "{Landauer}'s principle in the quantum domain",
    url = "https://dx.doi.org/10.4204/EPTCS.26.2",
    volume = "26",
    year = "2010",
    archiveprefix = "arXiv",
    arxivid = "1006.1420",
    eprint = "1006.1420"
}

@unpublished{Rieper2010arXiv_dna,
    author = "Rieper, E. and Anders, J. and Vedral, V.",
    keywords = "DNA,entanglement,quantum chemistry",
    mendeley-tags = "DNA,entanglement,quantum chemistry",
    month = "June",
    pages = "7",
    title = "Quantum entanglement between the electron clouds of nucleic acids in DNA",
    year = "2010",
    note = "{\href{http://arxiv.org/abs/1006.4053}{arXiv::1006.4053 [quant-ph]}}"
}

@article{Linden2010_speed,
    author = "Linden, N. and Popescu, S. and Short, A. J. and Winter, A.",
    doi = "10.1088/1367-2630/12/5/055021",
    issn = "1367-2630",
    journal = "New Journal of Physics",
    month = "May",
    number = "5",
    pages = "55021",
    publisher = "IOP Publishing",
    title = "On the speed of fluctuations around thermodynamic equilibrium",
    url = "https://dx.doi.org/10.1088/1367-2630/12/5/055021",
    volume = "12",
    year = "2010",
    archiveprefix = "arXiv",
    arxivid = "0907.1267",
    eprint = "0907.1267"
}

@article{Fuchs2011FoundPhys,
    author = "Fuchs, C. A. and Schack, R.",
    doi = "10.1007/s10701-009-9404-8",
    issn = "0015-9018",
    journal = "Foundations of Physics",
    month = "January",
    number = "3",
    pages = "345--356",
    publisher = "Springer Netherlands",
    title = "A Quantum-Bayesian Route to Quantum-State Space",
    url = "https://dx.doi.org/10.1007/s10701-009-9404-8",
    volume = "41",
    year = "2010",
    archiveprefix = "arXiv",
    arxivid = "0912.4252",
    eprint = "0912.4252"
}

@article{Tomamichel2009IEEE_AEP,
    author = "Tomamichel, M. and Colbeck, R. and Renner, R.",
    doi = "10.1109/TIT.2009.2032797",
    issn = "0018-9448",
    journal = "IEEE Transactions on Information Theory",
    keywords = "aep,entropies",
    mendeley-tags = "aep,entropies",
    month = "December",
    number = "12",
    pages = "5840--5847",
    title = "A Fully Quantum Asymptotic Equipartition Property",
    url = "https://dx.doi.org/10.1109/TIT.2009.2032797",
    volume = "55",
    year = "2009",
    archiveprefix = "arXiv",
    arxivid = "0811.1221",
    eprint = "0811.1221"
}

@phdthesis{PhDFred2009,
    author = "Dupuis, F.",
    school = "Université de Montréal",
    title = "The decoupling approach to quantum information theory",
    year = "2009",
    note = "{\href{http://arxiv.org/abs/1004.1641}{arXiv::1004.1641 [quant-ph]}}"
}

@book{Gemmer2009_quantum,
    author = "Gemmer, J. and Michel, M. and Mahler, G.",
    edition = "2, illustr",
    isbn = "3540705090, 9783540705093",
    issn = "0075-8450",
    publisher = "Springer Verlag",
    title = "Quantum thermodynamics: Emergence of thermodynamic behavior within composite quantum systems",
    year = "2009"
}

@mastersthesis{Berta2009arXiv0912.4495B,
    author = "Berta, M.",
    booktitle = "ArXiv e-prints",
    keywords = "Quantum Physics",
    month = "December",
    title = "Single-shot Quantum State Merging",
    type = "Diploma Thesis",
    year = "2009",
    note = "{\href{http://arxiv.org/abs/0912.4495}{arXiv::0912.4495 [quant-ph]}}"
}

@article{Abeyesinghe2009_MotherProtocols,
    author = "Abeyesinghe, A. and Devetak, I. and Hayden, P. and Winter, A.",
    doi = "10.1098/rspa.2009.0202",
    journal = "Proceedings of the Royal Society A: Mathematical, Physical and Engineering Science",
    keywords = "2006,coherent state merging,fqsw,fully quantum slepian-wolf",
    mendeley-tags = "2006,coherent state merging,fqsw,fully quantum slepian-wolf",
    number = "2108",
    pages = "2537--2563",
    title = "The mother of all protocols: restructuring quantum information's family tree",
    volume = "465",
    year = "2009",
    archiveprefix = "arXiv",
    arxivid = "quant-ph/0606225",
    eprint = "quant-ph/0606225",
    url = "https://dx.doi.org/10.1098/rspa.2009.0202"
}

@unpublished{Berta2009arXiv0912.3805B,
    author = "Berta, M. and Christandl, M. and Renner, R.",
    keywords = "Quantum Physics",
    month = "December",
    title = "The Quantum Reverse Shannon Theorem based on One-Shot Information Theory",
    year = "2009",
    note = "{\href{http://arxiv.org/abs/0912.3805}{arXiv::0912.3805 [quant-ph]}}"
}

@article{Bianchetti2009PRA,
    author = "Bianchetti, R. and Filipp, S. and Baur, M. and Fink, J. and Göppl, M. and Leek, P. and Steffen, L. and Blais, A. and Wallraff, A.",
    doi = "10.1103/PhysRevA.80.043840",
    issn = "1050-2947",
    journal = "Physical Review A",
    month = "October",
    number = "4",
    pages = "43840",
    publisher = "American Physical Society",
    title = "Dynamics of dispersive single-qubit readout in circuit quantum electrodynamics",
    url = "https://dx.doi.org/10.1103/PhysRevA.80.043840",
    volume = "80",
    year = "2009"
}

@article{Koenig2009IEEE_OpMeaning,
    author = "König, R. and Renner, R. and Schaffner, C.",
    doi = "10.1109/TIT.2009.2025545",
    issn = "0018-9448",
    journal = "IEEE Transactions on Information Theory",
    month = "September",
    number = "9",
    pages = "4337--4347",
    title = "The Operational Meaning of Min- and Max-Entropy",
    url = "https://dx.doi.org/10.1109/TIT.2009.2025545",
    volume = "55",
    year = "2009",
    archiveprefix = "arXiv",
    arxivid = "0807.1338",
    eprint = "0807.1338"
}

@unpublished{McGreevy2009_holographic,
    author = "McGreevy, J.",
    annote = "MIT-CTP/4067, NSF-KITP-09-134",
    keywords = "ads/cft",
    mendeley-tags = "ads/cft",
    month = "September",
    pages = "64",
    title = "Holographic duality with a view toward many-body physics",
    year = "2009",
    note = "{\href{http://arxiv.org/abs/0909.0518}{arXiv::0909.0518 [hep-th]}}"
}

@article{Kolda2009SIAM_tensor,
    author = "Kolda, T. G. and Bader, B. W.",
    doi = "10.1137/07070111X",
    issn = "0036-1445",
    journal = "SIAM Review",
    keywords = "decomposition,spectral decomposition,svd,tensor",
    language = "en",
    mendeley-tags = "decomposition,spectral decomposition,svd,tensor",
    month = "August",
    number = "3",
    pages = "455--500",
    publisher = "Society for Industrial and Applied Mathematics",
    title = "Tensor Decompositions and Applications",
    url = "https://dx.doi.org/10.1137/07070111X",
    volume = "51",
    year = "2009"
}

@unpublished{Dahlsten2009arXiv0908.0424D,
    author = "Dahlsten, O. C. O. and Renner, R. and Rieper, E. and Vedral, V.",
    keywords = "Quantum Physics,thermo",
    mendeley-tags = "thermo",
    month = "August",
    title = "The work value of information",
    year = "2009",
    note = "{\href{http://arxiv.org/abs/0908.0424}{arXiv::0908.0424 [quant-ph]}}"
}

@article{gour_measuring_2009_dupl,
    author = "Gour, G. and Marvian, I. and Spekkens, R. W.",
    title = "Measuring the quality of a quantum reference frame: The relative entropy of frameness",
    volume = "80",
    shorttitle = "Measuring the quality of a quantum reference frame",
    number = "1",
    journal = "PRA",
    month = "July",
    year = "2009",
    pages = "012307",
    url = "https://dx.doi.org/10.1103/PhysRevA.80.012307",
    doi = "10.1103/PhysRevA.80.012307",
    issn = "1050-2947",
    publisher = "American Physical Society",
    archiveprefix = "arXiv",
    arxivid = "0901.0943",
    eprint = "0901.0943"
}

@article{Sagawa2009PRL_minimal,
    author = "Sagawa, T. and Ueda, M.",
    doi = "10.1103/PhysRevLett.102.250602",
    issn = "0031-9007",
    journal = "Physical Review Letters",
    keywords = "thermo",
    mendeley-tags = "thermo",
    month = "June",
    number = "25",
    pages = "250602",
    publisher = "American Physical Society",
    shorttitle = "Phys. Rev. Lett.",
    title = "Minimal Energy Cost for Thermodynamic Information Processing: Measurement and Information Erasure",
    url = "https://dx.doi.org/10.1103/PhysRevLett.102.250602",
    volume = "102",
    year = "2009",
    archiveprefix = "arXiv",
    arxivid = "0809.4098",
    eprint = "0809.4098"
}

@article{Linden2009_evolution,
    author = "Linden, N. and Popescu, S. and Short, A. and Winter, A.",
    doi = "10.1103/PhysRevE.79.061103",
    issn = "1539-3755",
    journal = "Physical Review E",
    month = "June",
    number = "6",
    title = "Quantum mechanical evolution towards thermal equilibrium",
    url = "https://dx.doi.org/10.1103/PhysRevE.79.061103",
    volume = "79",
    year = "2009",
    archiveprefix = "arXiv",
    arxivid = "0812.2385",
    eprint = "0812.2385"
}

@article{Datta2009IEEE_InfSpec,
    author = "Datta, N. and Renner, R.",
    doi = "10.1109/TIT.2009.2018340",
    issn = "0018-9448",
    journal = "IEEE Transactions on Information Theory",
    keywords = "entropies",
    mendeley-tags = "entropies",
    month = "June",
    number = "6",
    pages = "2807--2815",
    title = "Smooth Entropies and the Quantum Information Spectrum",
    url = "https://dx.doi.org/10.1109/TIT.2009.2018340",
    volume = "55",
    year = "2009",
    archiveprefix = "arXiv",
    arxivid = "0801.0282",
    eprint = "0801.0282"
}

@article{Datta2009IEEE,
    author = "Datta, N.",
    doi = "10.1109/TIT.2009.2018325",
    issn = "0018-9448",
    journal = "IEEE Transactions on Information Theory",
    keywords = "entanglement monotone,information spectrum,max-rel",
    month = "June",
    number = "6",
    pages = "2816--2826",
    title = "Min- and Max-Relative Entropies and a New Entanglement Monotone",
    url = "https://dx.doi.org/10.1109/TIT.2009.2018325",
    volume = "55",
    year = "2009",
    archiveprefix = "arXiv",
    arxivid = "0803.2770",
    eprint = "0803.2770"
}

@article{Mendl2009_unital,
    author = "Mendl, C. B. and Wolf, M. M.",
    doi = "10.1007/s00220-009-0824-2",
    issn = "0010-3616",
    journal = "Communications in Mathematical Physics",
    keywords = "majorization,thermo",
    mendeley-tags = "majorization,thermo",
    month = "May",
    number = "3",
    pages = "1057--1086",
    title = "Unital Quantum Channels – Convex Structure and Revivals of Birkhoff’s Theorem",
    url = "https://dx.doi.org/10.1007/s00220-009-0824-2",
    volume = "289",
    year = "2009",
    archiveprefix = "arXiv",
    arxivid = "0806.2820",
    eprint = "0806.2820"
}

@article{Filipp2009PRL,
    author = "Filipp, S. and Maurer, P. and Leek, P. and Baur, M. and Bianchetti, R. and Fink, J. and Göppl, M. and Steffen, L. and Gambetta, J. and Blais, A. and Wallraff, A.",
    doi = "10.1103/PhysRevLett.102.200402",
    issn = "0031-9007",
    journal = "Physical Review Letters",
    month = "May",
    number = "20",
    pages = "4",
    publisher = "American Physical Society",
    title = "Two-Qubit State Tomography Using a Joint Dispersive Readout",
    url = "https://dx.doi.org/10.1103/PhysRevLett.102.200402",
    volume = "102",
    year = "2009",
    archiveprefix = "arXiv",
    arxivid = "0812.2485",
    eprint = "0812.2485"
}

@article{aberg_2009_cumul,
    author = "Åberg, J. and Mitchison, G.",
    journal = "Journal of Mathematical Physics",
    month = "April",
    number = "4",
    pages = "042103",
    publisher = "AIP Publishing",
    title = "Cumulants and the moment algebra: Tools for analyzing weak measurements",
    volume = "50",
    year = "2009",
    doi = "10.1063/1.3093270",
    issn = "00222488",
    keywords = "weak measurements",
    mendeley-tags = "weak measurements",
    url = "https://dx.doi.org/10.1063/1.3093270",
    archiveprefix = "arXiv",
    arxivid = "0812.3359",
    eprint = "0812.3359"
}

@article{Hanggi2009_brownian,
    author = "Hänggi, P. and Marchesoni, F.",
    doi = "10.1103/RevModPhys.81.387",
    issn = "0034-6861",
    journal = "Reviews of Modern Physics",
    keywords = "dont-DOI-lookup-overwrites-authors!!",
    mendeley-tags = "dont-DOI-lookup-overwrites-authors!!",
    month = "March",
    number = "1",
    pages = "387--442",
    publisher = "American Physical Society",
    title = "Artificial Brownian motors: Controlling transport on the nanoscale",
    url = "https://dx.doi.org/10.1103/RevModPhys.81.387",
    volume = "81",
    year = "2009"
}

@article{Maruyama2009RMP_ColloquiumPhysMaxDemAndInf,
    author = "Maruyama, K. and Nori, F. and Vedral, V.",
    doi = "10.1103/RevModPhys.81.1",
    issn = "0034-6861",
    journal = "Reviews of Modern Physics",
    month = "January",
    number = "1",
    pages = "1--23",
    publisher = "American Physical Society",
    title = "Colloquium: The physics of {Maxwell}’s demon and information",
    url = "https://dx.doi.org/10.1103/RevModPhys.81.1",
    volume = "81",
    year = "2009",
    archiveprefix = "arXiv",
    arxivid = "0707.3400",
    eprint = "0707.3400"
}

@article{Finn2009PRD_gravitational,
    author = "Finn, L.",
    doi = "10.1103/PhysRevD.79.022002",
    issn = "1550-7998",
    journal = "Physical Review D",
    keywords = "gravitational waves,theory colloquium",
    mendeley-tags = "gravitational waves,theory colloquium",
    month = "January",
    number = "2",
    pages = "022002",
    title = "Response of interferometric gravitational wave detectors",
    url = "https://dx.doi.org/10.1103/PhysRevD.79.022002",
    volume = "79",
    year = "2009",
    archiveprefix = "arXiv",
    arxivid = "0810.4529",
    eprint = "0810.4529"
}

@article{Christandl2009PRL_Postselection,
    author = "Christandl, M. and König, R. and Renner, R.",
    doi = "10.1103/PhysRevLett.102.020504",
    issn = "0031-9007",
    journal = "Physical Review Letters",
    month = "January",
    number = "2",
    pages = "20504",
    publisher = "American Physical Society",
    title = "Postselection Technique for Quantum Channels with Applications to Quantum Cryptography",
    url = "https://dx.doi.org/10.1103/PhysRevLett.102.020504",
    volume = "102",
    year = "2009"
}

@phdthesis{Mendl2008DiplThesis,
    author = "Mendl, C. B.",
    keywords = "majorization,thermo,unital channel",
    mendeley-tags = "majorization,thermo,unital channel",
    title = "Unital Quantum Channels",
    type = "Diploma Thesis",
    year = "2008"
}

@article{Horhammer2008_brownian,
    author = "Hörhammer, C. and Büttner, H.",
    doi = "10.1007/s10955-008-9640-x",
    issn = "0022-4715",
    journal = "Journal of Statistical Physics",
    keywords = "{Landauer},thermo",
    language = "en",
    mendeley-tags = "{Landauer},thermo",
    month = "December",
    number = "6",
    pages = "1161--1174",
    title = "Information and Entropy in Quantum Brownian Motion",
    url = "https://dx.doi.org/10.1007/s10955-008-9640-x",
    volume = "133",
    year = "2008"
}

@incollection{Grant2008_convex,
    author = "Grant, M. and Boyd, S.",
    editor = "Blondel, V and Boyd, S and Kimura, H",
    booktitle = "Recent Advances in Learning and Control",
    doi = "10.1007/978-1-84800-155-8_7",
    pages = "95--110",
    publisher = "Springer-Verlag Limited",
    series = "Lecture Notes in Control and Information Sciences",
    title = "Graph implementations for nonsmooth convex programs",
    url = "https://dx.doi.org/10.1007/978-1-84800-155-8_7",
    year = "2008"
}

@book{GerryKnightIntroductoryQuantumOptics2008,
    author = "Gerry, C. C. and Knight, P. L.",
    address = "Cambridge, UK",
    isbn = "978-0-521-52735-4",
    publisher = "Cambridge University Press",
    title = "Introductory Quantum Optics",
    year = "2008"
}

@book{BookMandelWolf2008OpticalCoherenceAndQuantumOptics,
    author = "Mandel, L. and Wolf, E.",
    address = "Cambridge, UK",
    isbn = "978-0521-41711-2",
    publisher = "Cambridge University Press",
    title = "Optical Coherence and Quantum Optics",
    year = "2008"
}

@article{Devetak2008IEEE,
    author = "Devetak, I. and Harrow, A. W. and Winter, A. J.",
    doi = "10.1109/TIT.2008.928980",
    issn = "0018-9448",
    journal = "IEEE Transactions on Information Theory",
    keywords = "asymptotic properties,entanglement distillation,no",
    month = "October",
    number = "10",
    pages = "4587--4618",
    title = "A Resource Framework for Quantum Shannon Theory",
    url = "https://dx.doi.org/10.1109/TIT.2008.928980",
    volume = "54",
    year = "2008"
}

@article{Crooks2008_jarzynski,
    author = "Crooks, G. E.",
    doi = "10.1088/1742-5468/2008/10/P10023",
    issn = "1742-5468",
    journal = "Journal of Statistical Mechanics: Theory and Experiment",
    month = "October",
    number = "10",
    pages = "P10023",
    publisher = "IOP Publishing",
    title = "On the Jarzynski relation for dissipative quantum dynamics",
    url = "https://dx.doi.org/10.1088/1742-5468/2008/10/P10023",
    volume = "2008",
    year = "2008"
}

@article{Yuan2008CTP_four,
    author = "Yuan, L. and Gui-Hua, Z.",
    doi = "10.1088/0253-6102/50/2/18",
    issn = "0253-6102",
    journal = "Communications in Theoretical Physics",
    keywords = "aharonov determinant state",
    language = "en",
    mendeley-tags = "aharonov determinant state",
    month = "August",
    number = "2",
    pages = "371--374",
    publisher = "IOP Publishing",
    title = "Four-Party Quantum Broadcast Scheme Based on Aharonov State",
    url = "https://dx.doi.org/10.1088/0253-6102/50/2/18",
    volume = "50",
    year = "2008"
}

@article{Crispino2008_unruh,
    author = "Crispino, L. C. B. and Matsas, G. E. A.",
    doi = "10.1103/RevModPhys.80.787",
    issn = "0034-6861",
    journal = "Reviews of Modern Physics",
    keywords = "Unruh effect,review",
    mendeley-tags = "Unruh effect,review",
    month = "July",
    number = "3",
    pages = "787--838",
    publisher = "American Physical Society",
    shorttitle = "Rev. Mod. Phys.",
    title = "The Unruh effect and its applications",
    url = "https://dx.doi.org/10.1103/RevModPhys.80.787",
    volume = "80",
    year = "2008",
    archiveprefix = "arXiv",
    arxivid = "0710.5373",
    eprint = "0710.5373"
}

@article{Buscemi2008PRL_global,
    author = "Buscemi, F. and Hayashi, M. and Horodecki, M.",
    doi = "10.1103/PhysRevLett.100.210504",
    issn = "0031-9007",
    journal = "Physical Review Letters",
    keywords = "quantum measurement",
    mendeley-tags = "quantum measurement",
    month = "May",
    number = "21",
    pages = "210504",
    publisher = "American Physical Society",
    shorttitle = "Phys. Rev. Lett.",
    title = "Global Information Balance in Quantum Measurements",
    url = "https://dx.doi.org/10.1103/PhysRevLett.100.210504",
    volume = "100",
    year = "2008",
    archiveprefix = "arXiv",
    arxivid = "quant-ph/0702166",
    eprint = "quant-ph/0702166"
}

@article{1367-2630-10-4-043022,
    author = "Řeháček, J. and Mogilevtsev, D. and Hradil, Z.",
    doi = "10.1088/1367-2630/10/4/043022",
    issn = "1367-2630",
    journal = "New Journal of Physics",
    month = "April",
    number = "4",
    pages = "43022",
    title = "Tomography for quantum diagnostics",
    url = "https://dx.doi.org/10.1088/1367-2630/10/4/043022",
    volume = "10",
    year = "2008"
}

@article{Mehta2008PRL,
    author = "Mehta, P.",
    doi = "10.1103/PhysRevLett.100.086804",
    issn = "0031-9007",
    journal = "Physical Review Letters",
    month = "February",
    number = "8",
    pages = "86804",
    publisher = "American Physical Society",
    title = "Nonequilibrium Quantum Impurities: From Entropy Production to Information Theory",
    url = "https://dx.doi.org/10.1103/PhysRevLett.100.086804",
    volume = "100",
    year = "2008",
    archiveprefix = "arXiv",
    arxivid = "0705.4479",
    eprint = "0705.4479"
}

@article{Audenaert2008_random,
    author = "Audenaert, K. M. R. and Scheel, S.",
    doi = "10.1088/1367-2630/10/2/023011",
    issn = "1367-2630",
    journal = "New Journal of Physics",
    keywords = "majorization,thermo",
    mendeley-tags = "majorization,thermo",
    month = "February",
    number = "2",
    pages = "023011",
    title = "On random unitary channels",
    url = "https://dx.doi.org/10.1088/1367-2630/10/2/023011",
    volume = "10",
    year = "2008",
    archiveprefix = "arXiv",
    arxivid = "0709.0824",
    eprint = "0709.0824"
}

@article{Bartlett2007JMO_directional,
    author = "Bartlett, S. D. and Rudolph, T. and Sanders, B. C. and Turner, P. S.",
    doi = "10.1080/09500340701289254",
    issn = "0950-0340",
    journal = "Journal of Modern Optics",
    keywords = "reference frames",
    mendeley-tags = "reference frames",
    month = "September",
    number = "13-15",
    pages = "2211--2221",
    title = "Degradation of a quantum directional reference frame as a random walk",
    url = "https://dx.doi.org/10.1080/09500340701289254",
    volume = "54",
    year = "2007",
    archiveprefix = "arXiv",
    arxivid = "quant-ph/0607107",
    eprint = "quant-ph/0607107"
}

@article{Caves2007HistPhilModPhys,
    author = "Caves, C. M. and Fuchs, C. A. and Schack, R.",
    annote = "Probabilities in quantum mechanics",
    doi = "10.1016/j.shpsb.2006.10.007",
    issn = "13552198",
    journal = "Studies In History and Philosophy of Science Part B: Studies In History and Philosophy of Modern Physics",
    keywords = "Certainty,Copenhagen interpretation,State preparation,Subjective probability,de Finetti",
    month = "June",
    number = "2",
    pages = "255--274",
    title = "Subjective probability and quantum certainty",
    url = "https://dx.doi.org/10.1016/j.shpsb.2006.10.007",
    volume = "38",
    year = "2007"
}

@article{tHooft2007JoP,
    author = "'t Hooft, G.",
    doi = "10.1088/1742-6596/67/1/012015",
    issn = "1742-6588",
    journal = "Journal of Physics: Conference Series",
    month = "May",
    number = "1",
    pages = "12015",
    title = "A mathematical theory for deterministic quantum mechanics",
    url = "https://dx.doi.org/10.1088/1742-6596/67/1/012015",
    volume = "67",
    year = "2007",
    archiveprefix = "arXiv",
    arxivid = "quant-ph/0604008",
    eprint = "quant-ph/0604008"
}

@article{Rehacek2007PRA,
    author = "Řeháček, J. and Hradil, Z. and Knill, E. and Lvovsky, A.",
    doi = "10.1103/PhysRevA.75.042108",
    issn = "1050-2947",
    journal = "Physical Review A",
    month = "April",
    number = "4",
    pages = "42108",
    publisher = "American Physical Society",
    title = "Diluted maximum-likelihood algorithm for quantum tomography",
    url = "https://dx.doi.org/10.1103/PhysRevA.75.042108",
    volume = "75",
    year = "2007",
    archiveprefix = "arXiv",
    arxivid = "quant-ph/0611244",
    eprint = "quant-ph/0611244"
}

@article{Bartlett2007_refframes,
    author = "Bartlett, S. and Rudolph, T. and Spekkens, R.",
    doi = "10.1103/RevModPhys.79.555",
    issn = "0034-6861",
    journal = "Reviews of Modern Physics",
    keywords = "reference frames",
    mendeley-tags = "reference frames",
    month = "April",
    number = "2",
    pages = "555--609",
    publisher = "American Physical Society",
    shorttitle = "Rev. Mod. Phys.",
    title = "Reference frames, superselection rules, and quantum information",
    url = "https://dx.doi.org/10.1103/RevModPhys.79.555",
    volume = "79",
    year = "2007",
    archiveprefix = "arXiv",
    arxivid = "quant-ph/0610030",
    eprint = "quant-ph/0610030"
}

@article{Ladyman2007_LogThIrrev,
    author = "Ladyman, J. and Presnell, S. and Short, A. J. and Groisman, B.",
    doi = "10.1016/j.shpsb.2006.03.007",
    issn = "13552198",
    journal = "Studies in History and Philosophy of Science Part B: Studies in History and Philosophy of Modern Physics",
    keywords = "{Landauer}'s Principle,computation,entropy,information,irreversibility,{Landauer}'s principle,thermo,thermodynamics",
    mendeley-tags = "{Landauer}'s Principle,thermo",
    month = "March",
    number = "1",
    pages = "58--79",
    title = "The connection between logical and thermodynamic irreversibility",
    url = "https://dx.doi.org/10.1016/j.shpsb.2006.03.007",
    volume = "38",
    year = "2007"
}

@phdthesis{Janzing2006Habil,
    author = "Janzing, D.",
    address = "Karlsruhe",
    doi = "10.5445/KSP/1000005188",
    isbn = "3-86644-083-9",
    keywords = "thermo",
    mendeley-tags = "thermo",
    publisher = "Universitätsverlag Karlsruhe",
    school = "Universität Karlsruhe",
    title = "Computer science approach to quantum control",
    type = "Habilitation",
    url = "https://dx.doi.org/10.5445/KSP/1000005188",
    year = "2006"
}

@book{BookBengtssonZyczkowski2006_Geometry,
    author = "Bengtsson, I. and Zyczkowski, K.",
    address = "Cambridge, UK",
    isbn = "978-0-521-89140-0",
    keywords = "differential geometry,math,state space,topology",
    mendeley-tags = "differential geometry,math,state space,topology",
    publisher = "Cambridge University Press",
    title = "Geometry of Quantum States: An Introduction to Quantum Entanglement",
    url = "http://books.google.ch/books/about/Geometry_of_Quantum_States.html?id=aA4vXMbuOTUC&pgis=1",
    year = "2006"
}

@article{Dowling2006PRA_observing,
    author = "Dowling, M. and Bartlett, S. and Rudolph, T. and Spekkens, R.",
    doi = "10.1103/PhysRevA.74.052113",
    issn = "1050-2947",
    journal = "Physical Review A",
    keywords = "coherence,reference frames,superposition",
    mendeley-tags = "coherence,reference frames,superposition",
    month = "November",
    number = "5",
    pages = "052113",
    title = "Observing a coherent superposition of an atom and a molecule",
    url = "https://dx.doi.org/10.1103/PhysRevA.74.052113",
    volume = "74",
    year = "2006",
    archiveprefix = "arXiv",
    arxivid = "quant-ph/0606128",
    eprint = "quant-ph/0606128"
}

@article{Popescu2006NPhys,
    author = "Popescu, S. and Short, A. J. and Winter, A.",
    doi = "10.1038/nphys444",
    issn = "1745-2473",
    journal = "Nature Physics",
    month = "October",
    number = "11",
    pages = "754--758",
    shorttitle = "Nat Phys",
    title = "Entanglement and the foundations of statistical mechanics",
    url = "https://dx.doi.org/10.1038/nphys444",
    volume = "2",
    year = "2006",
    archiveprefix = "arXiv",
    arxivid = "quant-ph/0511225",
    eprint = "quant-ph/0511225"
}

@article{Kribs2006_error,
    author = "Kribs, D. and Spekkens, R.",
    doi = "10.1103/PhysRevA.74.042329",
    issn = "1050-2947",
    journal = "Physical Review A",
    keywords = "majorization,thermo",
    mendeley-tags = "majorization,thermo",
    month = "October",
    number = "4",
    title = "Quantum error-correcting subsystems are unitarily recoverable subsystems",
    url = "https://dx.doi.org/10.1103/PhysRevA.74.042329",
    volume = "74",
    year = "2006",
    archiveprefix = "arXiv",
    arxivid = "quant-ph/0608045",
    eprint = "quant-ph/0608045"
}

@article{Horodecki2007_QStMrgAndNegInf,
    author = "Horodecki, M. and Oppenheim, J. and Winter, A.",
    doi = "10.1007/s00220-006-0118-x",
    issn = "0010-3616",
    journal = "Communications in Mathematical Physics",
    month = "October",
    number = "1",
    pages = "107--136",
    publisher = "Springer Berlin / Heidelberg",
    title = "Quantum State Merging and Negative Information",
    url = "https://dx.doi.org/10.1007/s00220-006-0118-x",
    volume = "269",
    year = "2006",
    archiveprefix = "arXiv",
    arxivid = "quant-ph/0512247",
    eprint = "quant-ph/0512247"
}

@article{PerezGarcia2006_contractivity,
    author = "Pérez-García, D. and Wolf, M. M. and Petz, D. and Ruskai, M. B.",
    doi = "10.1063/1.2218675",
    issn = "00222488",
    journal = "Journal of Mathematical Physics",
    keywords = "Hermitian matrices,majorization,thermo",
    language = "en",
    mendeley-tags = "majorization,thermo",
    month = "August",
    number = "8",
    pages = "083506",
    title = "Contractivity of positive and trace preserving maps under $L_p$ norms",
    url = "https://dx.doi.org/10.1063/1.2218675",
    volume = "47",
    year = "2006",
    archiveprefix = "arXiv",
    arxivid = "math-ph/0601063",
    eprint = "math-ph/0601063"
}

@article{synak-radtke_asymptotic_2006,
    author = "Synak-Radtke, B. and Horodecki, M.",
    title = "On asymptotic continuity of functions of quantum states",
    volume = "39",
    url = "https://dx.doi.org/10.1088/0305-4470/39/26/L02",
    doi = "10.1088/0305-4470/39/26/L02",
    number = "26",
    journal = "Journal of a Physics A: Mathematical and General",
    month = "June",
    year = "2006",
    pages = "L423",
    issn = "0305-4470",
    archiveprefix = "arXiv",
    arxivid = "quant-ph/0507126",
    eprint = "quant-ph/0507126"
}

@article{Jarzynski2006_rare,
    author = "Jarzynski, C.",
    doi = "10.1103/PhysRevE.73.046105",
    issn = "1539-3755",
    journal = "Physical Review E",
    keywords = "fluctuation theorems,thermo",
    mendeley-tags = "fluctuation theorems,thermo",
    month = "April",
    number = "4",
    pages = "046105",
    publisher = "American Physical Society",
    shorttitle = "Phys. Rev. E",
    title = "Rare events and the convergence of exponentially averaged work values",
    url = "https://dx.doi.org/10.1103/PhysRevE.73.046105",
    volume = "73",
    year = "2006",
    archiveprefix = "arXiv",
    arxivid = "cond-mat/0603185",
    eprint = "cond-mat/0603185"
}

@article{Bartlett2006NJP_degradation,
    author = "Bartlett, S. D. and Rudolph, T. and Spekkens, R. W. and Turner, P. S.",
    doi = "10.1088/1367-2630/8/4/058",
    issn = "1367-2630",
    journal = "New Journal of Physics",
    keywords = "coherence,degradation,reference frames",
    mendeley-tags = "coherence,degradation,reference frames",
    month = "April",
    number = "4",
    pages = "58",
    title = "Degradation of a quantum reference frame",
    url = "https://dx.doi.org/10.1088/1367-2630/8/4/058",
    volume = "8",
    year = "2006",
    archiveprefix = "arXiv",
    arxivid = "quant-ph/0602069",
    eprint = "quant-ph/0602069"
}

@article{Hayden2006CommMP,
    author = "Hayden, P. and Leung, D. W. and Winter, A.",
    doi = "10.1007/s00220-006-1535-6",
    issn = "0010-3616",
    journal = "Communications in Mathematical Physics",
    month = "March",
    number = "1",
    pages = "95--117",
    publisher = "Springer Berlin / Heidelberg",
    title = "Aspects of Generic Entanglement",
    url = "https://dx.doi.org/10.1007/s00220-006-1535-6",
    volume = "265",
    year = "2006",
    archiveprefix = "arXiv",
    arxivid = "quant-ph/0407049",
    eprint = "quant-ph/0407049"
}

@article{Nielsen2006SMag,
    author = "Nielsen, M. A. and Dowling, M. R. and Gu, M. and Doherty, A. C.",
    doi = "10.1126/science.1121541",
    issn = "1095-9203",
    journal = "Science (New York, N.Y.)",
    month = "February",
    number = "5764",
    pages = "1133--5",
    pmid = "16497928",
    title = "Quantum computation as geometry.",
    url = "https://dx.doi.org/10.1126/science.1121541",
    volume = "311",
    year = "2006",
    archiveprefix = "arXiv",
    arxivid = "quant-ph/0603161",
    eprint = "quant-ph/0603161"
}

@article{Feldmann2006_lubrication,
    author = "Feldmann, T. and Kosloff, R.",
    doi = "10.1103/PhysRevE.73.025107",
    issn = "1539-3755",
    journal = "Physical Review E",
    month = "February",
    number = "2",
    pages = "25107",
    publisher = "American Physical Society",
    title = "Quantum lubrication: Suppression of friction in a first-principles four-stroke heat engine",
    url = "https://dx.doi.org/10.1103/PhysRevE.73.025107",
    volume = "73",
    year = "2006",
    archiveprefix = "arXiv",
    arxivid = "quant-ph/0509109",
    eprint = "quant-ph/0509109"
}

@article{Bartlett2006IJQI_dialogue,
    author = "Bartlett, S. D. and Rudolph, T. and Spekkens, R. W.",
    doi = "10.1142/S0219749906001591",
    issn = "0219-7499",
    journal = "International Journal of Quantum Information",
    keywords = "coherence,reference frames,superposition",
    mendeley-tags = "coherence,reference frames,superposition",
    month = "February",
    number = "01",
    pages = "17--43",
    title = "Dialogue Concerning Two Views on Quantum Coherence: Factist and Fictionist",
    url = "https://dx.doi.org/10.1142/S0219749906001591",
    volume = "04",
    year = "2006",
    archiveprefix = "arXiv",
    arxivid = "quant-ph/0507214",
    eprint = "quant-ph/0507214"
}

@phdthesis{PhdRenner2005_SQKD,
    author = "Renner, R.",
    school = "ETH Zürich",
    title = "Security of Quantum Key Distribution",
    year = "2005",
    note = "{\href{http://arxiv.org/abs/quant-ph/0512258}{arXiv::quant-ph/0512258 [quant-ph]}}"
}

@unpublished{Jacobs2005arXiv,
    author = "Jacobs, K.",
    keywords = "{Landauer}'s principle,thermo",
    mendeley-tags = "{Landauer}'s principle,thermo",
    month = "December",
    pages = "3",
    title = "Deriving {Landauer}'s erasure principle from statistical mechanics",
    year = "2005",
    note = "{\href{http://arxiv.org/abs/quant-ph/0512105}{arXiv::quant-ph/0512105 [quant-ph]}}"
}

@article{FlammiaCaves2005FoundPhys,
    author = "Flammia, S. T. and Silberfarb, A. and Caves, C. M.",
    doi = "10.1007/s10701-005-8658-z",
    issn = "0015-9018",
    journal = "Foundations of Physics",
    month = "December",
    number = "12",
    pages = "1985--2006",
    publisher = "Springer Netherlands",
    title = "Minimal Informationally Complete Measurements for Pure States",
    url = "https://dx.doi.org/10.1007/s10701-005-8658-z",
    volume = "35",
    year = "2005",
    archiveprefix = "arXiv",
    arxivid = "quant-ph/0404137",
    eprint = "quant-ph/0404137"
}

@article{Baugh2005_algocool,
    author = "Baugh, J. and Moussa, O. and Ryan, C. A. and Nayak, A. and Laflamme, R.",
    doi = "10.1038/nature04272",
    issn = "1476-4687",
    journal = "Nature",
    month = "November",
    number = "7067",
    pages = "470--3",
    pmid = "16306986",
    publisher = "Nature Publishing Group",
    title = "Experimental implementation of heat-bath algorithmic cooling using solid-state nuclear magnetic resonance.",
    url = "https://dx.doi.org/10.1038/nature04272",
    volume = "438",
    year = "2005",
    archiveprefix = "arXiv",
    arxivid = "quant-ph/0512024",
    eprint = "quant-ph/0512024"
}

@article{linden_reversibility_2005,
    author = "Linden, N. and Popescu, S. and Schumacher, B. and Westmoreland, M.",
    title = "Reversibility of Local Transformations of Multiparticle Entanglement",
    volume = "4",
    url = "https://dx.doi.org/10.1007/s11128-005-4608-0",
    doi = "10.1007/s11128-005-4608-0",
    number = "3",
    journal = "Quantum Information Processing",
    month = "August",
    year = "2005",
    pages = "241--250",
    issn = "1570-0755",
    archiveprefix = "arXiv",
    arxivid = "quant-ph/9912039",
    eprint = "quant-ph/9912039"
}

@article{Horodecki2005Nat_partial,
    author = "Horodecki, M. and Oppenheim, J. and Winter, A.",
    doi = "10.1038/nature03909",
    issn = "1476-4687",
    journal = "Nature",
    keywords = "Biological,Entropy,Information Theory,Models,Quantum Theory,Uncertainty",
    month = "August",
    number = "7051",
    pages = "673--6",
    pmid = "16079840",
    title = "Partial quantum information.",
    url = "https://dx.doi.org/10.1038/nature03909",
    volume = "436",
    year = "2005"
}

@article{Horodecki2005PRA_LvsNL,
    author = "Horodecki, M. and Horodecki, P. and Horodecki, R. and Oppenheim, J. and Sen(De), A. and Sen, U. and Synak-Radtke, B.",
    doi = "10.1103/PhysRevA.71.062307",
    issn = "1050-2947",
    journal = "Physical Review A",
    month = "June",
    number = "6",
    pages = "62307",
    publisher = "American Physical Society",
    title = "Local versus nonlocal information in quantum-information theory: Formalism and phenomena",
    url = "https://dx.doi.org/10.1103/PhysRevA.71.062307",
    volume = "71",
    year = "2005",
    archiveprefix = "arXiv",
    arxivid = "quant-ph/0410090",
    eprint = "quant-ph/0410090"
}

@article{HorodeckiK2005PRL,
    author = "Horodecki, K. and Horodecki, M. and Horodecki, P. and Oppenheim, J.",
    doi = "10.1103/PhysRevLett.94.200501",
    issn = "0031-9007",
    journal = "Physical Review Letters",
    month = "May",
    number = "20",
    pages = "200501",
    publisher = "American Physical Society",
    title = "Locking Entanglement with a Single Qubit",
    url = "https://dx.doi.org/10.1103/PhysRevLett.94.200501",
    volume = "94",
    year = "2005",
    archiveprefix = "arXiv",
    arxivid = "quant-ph/0404096",
    eprint = "quant-ph/0404096"
}

@article{Renes2004JMP,
    author = "Renes, J. M. and Blume-Kohout, R. and Scott, A. J. and Caves, C. M.",
    doi = "10.1063/1.1737053",
    issn = "00222488",
    journal = "Journal of Mathematical Physics",
    keywords = "group theory,quantum cryptography,quantum theory",
    number = "6",
    pages = "2171",
    publisher = "AIP",
    title = "Symmetric informationally complete quantum measurements",
    url = "https://dx.doi.org/10.1063/1.1737053",
    volume = "45",
    year = "2004",
    archiveprefix = "arXiv",
    arxivid = "quant-ph/0310075",
    eprint = "quant-ph/0310075"
}

@incollection{Paris_QuantumStateEstimation_Intro,
    author = "Paris, M. and Řeháček, J.",
    editor = "Paris, Matteo and Rehácek, Jaroslav",
    booktitle = "Quantum State Estimation",
    doi = "10.1007/978-3-540-44481-7_1",
    pages = "173--185",
    publisher = "Springer Berlin / Heidelberg",
    series = "Lecture Notes in Physics",
    title = "Introduction",
    volume = "649",
    year = "2004",
    url = "https://dx.doi.org/10.1007/978-3-540-44481-7_1"
}

@incollection{Paris_QuantumStateEstimation_Hradil_MaximumLikelyhood,
    author = "Hradil, Z. and Řeháček, J. and Fiurášek, J. and Ježek, M.",
    editor = "Paris, Matteo and Rehácek, Jaroslav",
    booktitle = "Quantum State Estimation",
    doi = "10.1007/978-3-540-44481-7_3",
    pages = "163--172",
    publisher = "Springer Berlin / Heidelberg",
    series = "Lecture Notes in Physics",
    title = "3 Maximum-Likelihood Methods in Quantum Mechanics",
    volume = "649",
    year = "2004",
    url = "https://dx.doi.org/10.1007/978-3-540-44481-7_3"
}

@incollection{Paris_QuantumStateEstimation_DAriano_QTomoMethods,
    author = "D'Ariano, G. and Paris, M. and Sacchi, M.",
    editor = "Paris, Matteo and Rehácek, Jaroslav",
    booktitle = "Quantum State Estimation",
    doi = "10.1007/978-3-540-44481-7_2",
    pages = "189--204",
    publisher = "Springer Berlin / Heidelberg",
    series = "Lecture Notes in Physics",
    title = "2 Quantum Tomographic Methods",
    volume = "649",
    year = "2004",
    url = "https://dx.doi.org/10.1007/978-3-540-44481-7_2"
}

@incollection{Paris_QuantumStateEstimation_Altepeter_QubitQStateTomo,
    author = "Altepeter, J. and James, D. and Kwiat, P.",
    editor = "Paris, Matteo and Rehácek, Jaroslav",
    booktitle = "Quantum State Estimation",
    doi = "10.1007/978-3-540-44481-7_4",
    pages = "27--45",
    publisher = "Springer Berlin / Heidelberg",
    series = "Lecture Notes in Physics",
    title = "4 Qubit Quantum State Tomography",
    volume = "649",
    year = "2004",
    url = "https://dx.doi.org/10.1007/978-3-540-44481-7_4"
}

@incollection{Lieb2004_guide_secondlaw,
    author = "Lieb, E. H. and Yngvason, J.",
    editor = "Nachtergaele, Bruno and Solovej, Jan Philip and Yngvason, Jakob",
    booktitle = "Statistical Mechanics",
    doi = "10.1007/978-3-662-10018-9_19",
    isbn = "978-3-642-06092-2",
    pages = "353--363",
    publisher = "Springer Berlin Heidelberg",
    title = "A Guide to Entropy and the Second Law of Thermodynamics",
    url = "https://dx.doi.org/10.1007/978-3-662-10018-9_19",
    year = "2004",
    archiveprefix = "arXiv",
    arxivid = "math-ph/9805005",
    eprint = "math-ph/9805005"
}

@book{BookBrillouin2004,
    author = "Brillouin, L.",
    isbn = "9780486439181",
    publisher = "Dover Publications",
    series = "Phoenix Edition Series",
    title = "Science And Information Theory",
    url = "http://books.google.ch/books?id=DWo7lVRVnhcC",
    year = "2004"
}

@article{Alicki2004_hamiltonian,
    author = "Alicki, R. and Horodecki, M. and Horodecki, P. and Horodecki, R.",
    doi = "10.1023/B:OPSY.0000047566.72717.71",
    issn = "1230--1612",
    journal = "Open Systems & Information Dynamics",
    keywords = "thermo",
    mendeley-tags = "thermo",
    number = "3",
    pages = "205--217",
    publisher = "Springer Netherlands",
    title = "Thermodynamics of Quantum Information Systems --- Hamiltonian Description",
    volume = "11",
    year = "2004",
    archiveprefix = "arXiv",
    arxivid = "quant-ph/0402012",
    eprint = "quant-ph/0402012",
    url = "https://dx.doi.org/10.1023/B:OPSY.0000047566.72717.71"
}

@article{Aaberg2003AoP,
    author = "Åberg, J.",
    doi = "10.1016/j.aop.2004.04.013",
    issn = "00034916",
    journal = "Annals of Physics",
    month = "October",
    number = "2",
    pages = "326--367",
    title = "Subspace preservation, subspace locality, and gluing of completely positive maps",
    url = "https://dx.doi.org/10.1016/j.aop.2004.04.013",
    volume = "313",
    year = "2004"
}

@inproceedings{Renner20041365269SmoothRenyiEntropy,
    author = "Renner, R. and Wolf, S.",
    booktitle = "International Symposium onInformation Theory, 2004. ISIT 2004. Proceedings.",
    doi = "10.1109/ISIT.2004.1365269",
    isbn = "0-7803-8280-3",
    month = "June",
    pages = "232--232",
    publisher = "IEEE",
    title = "Smooth Rényi entropy and applications",
    url = "https://dx.doi.org/10.1109/ISIT.2004.1365269",
    year = "2004"
}

@article{Lvovsky2004JOptB,
    author = "Lvovsky, A. I.",
    doi = "10.1088/1464-4266/6/6/014",
    issn = "1464-4266",
    journal = "Journal of Optics B: Quantum and Semiclassical Optics",
    month = "June",
    number = "6",
    pages = "S556--S559",
    title = "Iterative maximum-likelihood reconstruction in quantum homodyne tomography",
    url = "https://dx.doi.org/10.1088/1464-4266/6/6/014",
    volume = "6",
    year = "2004",
    archiveprefix = "arXiv",
    arxivid = "quant-ph/0311097",
    eprint = "quant-ph/0311097"
}

@article{Fuchs2004PhysRevA69,
    author = "Fuchs, C. and Schack, R. and Scudo, P.",
    doi = "10.1103/PhysRevA.69.062305",
    issn = "1050-2947",
    journal = "Physical Review A",
    month = "June",
    number = "6",
    pages = "62305",
    publisher = "American Physical Society",
    title = "De Finetti representation theorem for quantum-process tomography",
    url = "https://dx.doi.org/10.1103/PhysRevA.69.062305",
    volume = "69",
    year = "2004",
    archiveprefix = "arXiv",
    arxivid = "quant-ph/0307198",
    eprint = "quant-ph/0307198"
}

@article{Winter2004CMP,
    author = "Winter, A.",
    doi = "10.1007/s00220-003-0989-z",
    issn = "0010-3616",
    journal = "Communications in Mathematical Physics",
    keywords = "POVM,quantum measurement",
    mendeley-tags = "POVM,quantum measurement",
    month = "January",
    number = "1",
    pages = "157--185",
    title = {"Extrinsic" and "Intrinsic" Data in Quantum Measurements: Asymptotic Convex Decomposition of Positive Operator Valued Measures},
    url = "https://dx.doi.org/10.1007/s00220-003-0989-z",
    volume = "244",
    year = "2004",
    archiveprefix = "arXiv",
    arxivid = "quant-ph/0109050",
    eprint = "quant-ph/0109050"
}

@article{Bennett2003_NotesLP,
    author = "Bennett, C. H.",
    doi = "10.1016/S1355-2198(03)00039-X",
    journal = "Studies in History and Philosophy of Modern Physics",
    keywords = "thermo",
    mendeley-tags = "thermo",
    pages = "501--510",
    title = "Notes on {Landauer}'s principle, reversible computation and {Maxwell}'s demon",
    volume = "34",
    year = "2003",
    url = "https://dx.doi.org/10.1016/S1355-2198(03)00039-X"
}

@article{VanDam2003_embezzling,
    author = "van Dam, W. and Hayden, P.",
    doi = "10.1103/PhysRevA.67.060302",
    issn = "1050-2947",
    journal = "Physical Review A",
    keywords = "embezzling states",
    mendeley-tags = "embezzling states",
    month = "June",
    number = "6",
    pages = "060302",
    publisher = "American Physical Society",
    shorttitle = "Phys. Rev. A",
    title = "Universal entanglement transformations without communication",
    url = "https://dx.doi.org/10.1103/PhysRevA.67.060302",
    volume = "67",
    year = "2003",
    archiveprefix = "arXiv",
    arxivid = "quant-ph/0201041",
    eprint = "quant-ph/0201041"
}

@article{Horodecki2003PRA_NoisyOps,
    author = "Horodecki, M. and Horodecki, P. and Oppenheim, J.",
    doi = "10.1103/PhysRevA.67.062104",
    issn = "1050-2947",
    journal = "Physical Review A",
    month = "June",
    number = "6",
    pages = "10",
    publisher = "American Physical Society",
    title = "Reversible transformations from pure to mixed states and the unique measure of information",
    url = "https://dx.doi.org/10.1103/PhysRevA.67.062104",
    volume = "67",
    year = "2003",
    archiveprefix = "arXiv",
    arxivid = "quant-ph/0212019",
    eprint = "quant-ph/0212019"
}

@article{Hiroshima2003PRL,
    author = "Hiroshima, T.",
    doi = "10.1103/PhysRevLett.91.057902",
    issn = "0031-9007",
    journal = "Physical Review Letters",
    month = "March",
    number = "5",
    pages = "4",
    publisher = "American Physical Society",
    title = "Majorization criterion for distillability of a bipartite quantum state",
    url = "https://dx.doi.org/10.1103/PhysRevLett.91.057902",
    volume = "91",
    year = "2003",
    archiveprefix = "arXiv",
    arxivid = "quant-ph/0303057",
    eprint = "quant-ph/0303057"
}

@article{Bondar2003_schur,
    author = "Bondar, J. V.",
    doi = "10.1016/S0024-3795(02)00461-5",
    issn = "00243795",
    journal = "Linear Algebra and its Applications",
    keywords = "15a45,26xx,Schur,inequalities,majorization",
    mendeley-tags = "Schur,inequalities,majorization",
    month = "February",
    number = "null",
    pages = "1--13",
    title = "Schur majorization inequalities for symmetrized sums with applications to tensor products",
    url = "https://dx.doi.org/10.1016/S0024-3795(02)00461-5",
    volume = "360",
    year = "2003"
}

@misc{Nielsen2002LectureNotesMajorization,
    author = "Nielsen, M. A.",
    keywords = "majorization,thermo,unital channel",
    mendeley-tags = "majorization,thermo,unital channel",
    title = "Majorization and its Applications to Quantum Mechanics",
    url = "http://michaelnielsen.org/blog/talks/ http://www.qinfo.org/talks/2002/maj/book.ps",
    year = "2002"
}

@article{Caves2002JMP_unknown,
    author = "Caves, C. M. and Fuchs, C. A. and Schack, R.",
    doi = "10.1063/1.1494475",
    issn = "00222488",
    journal = "Journal of Mathematical Physics",
    keywords = "Hilbert,bound states,probability,quantum theory",
    number = "9",
    pages = "4537",
    publisher = "AIP",
    title = "Unknown quantum states: The quantum de Finetti representation",
    url = "https://dx.doi.org/10.1063/1.1494475",
    volume = "43",
    year = "2002"
}

@book{BookHan02_InfSpecMethods,
    author = "Han, T. S.",
    isbn = "9783540435815",
    keywords = "information spectrum",
    mendeley-tags = "information spectrum",
    publisher = "Springer",
    series = "Applications of Mathematics Series",
    title = "Information-Spectrum Methods in Information Theory",
    url = "http://books.google.ch/books/about/Information_Spectrum_Methods_in_Informat.html?id=LZBHu1Vrc6kC&redir_esc=y http://books.google.ch/books?id=LZBHu1Vrc6kC",
    year = "2002"
}

@article{horodecki_are_2002,
    author = "Horodecki, M. and Oppenheim, J. and Horodecki, R.",
    title = "Are the Laws of Entanglement Theory Thermodynamical?",
    volume = "89",
    url = "https://dx.doi.org/10.1103/PhysRevLett.89.240403",
    doi = "10.1103/PhysRevLett.89.240403",
    number = "24",
    journal = "Physical Review Letters",
    month = "November",
    year = "2002",
    pages = "240403",
    issn = "0031-9007"
}

@article{Oppenheim2002PRL_thermodynamical,
    author = "Oppenheim, J. and Horodecki, M. and Horodecki, P. and Horodecki, R.",
    doi = "10.1103/PhysRevLett.89.180402",
    issn = "0031-9007",
    journal = "Physical Review Letters",
    keywords = "thermo",
    mendeley-tags = "thermo",
    month = "October",
    number = "18",
    pages = "180402",
    title = "Thermodynamical Approach to Quantifying Quantum Correlations",
    url = "https://dx.doi.org/10.1103/PhysRevLett.89.180402",
    volume = "89",
    year = "2002",
    archiveprefix = "arXiv",
    arxivid = "quant-ph/0112074",
    eprint = "quant-ph/0112074"
}

@article{Cabello2002PRL_singlet,
    author = "Cabello, A.",
    doi = "10.1103/PhysRevLett.89.100402",
    issn = "0031-9007",
    journal = "Physical Review Letters",
    keywords = "aharonov determinant state",
    mendeley-tags = "aharonov determinant state",
    month = "August",
    number = "10",
    pages = "100402",
    title = "N-Particle N-Level Singlet States: Some Properties and Applications",
    url = "https://dx.doi.org/10.1103/PhysRevLett.89.100402",
    volume = "89",
    year = "2002",
    archiveprefix = "arXiv",
    arxivid = "quant-ph/0203119",
    eprint = "quant-ph/0203119"
}

@article{Bousso2002RMP_Hologr,
    author = "Bousso, R.",
    doi = "10.1103/RevModPhys.74.825",
    issn = "0034-6861",
    journal = "Reviews of Modern Physics",
    month = "August",
    number = "3",
    pages = "825--874",
    publisher = "American Physical Society",
    title = "The holographic principle",
    url = "https://dx.doi.org/10.1103/RevModPhys.74.825",
    volume = "74",
    year = "2002"
}

@article{Thew2002_PhysRevA66,
    author = "Thew, R. T. and White, A. G. and Munro, W. J.",
    doi = "10.1103/PhysRevA.66.012303",
    issn = "1050-2947",
    journal = "Physical Review A",
    month = "July",
    number = "1",
    pages = "12303",
    publisher = "American Physical Society",
    title = "Qudit quantum-state tomography",
    url = "https://dx.doi.org/10.1103/PhysRevA.66.012303",
    volume = "66",
    year = "2002",
    archiveprefix = "arXiv",
    arxivid = "quant-ph/0201052",
    eprint = "quant-ph/0201052"
}

@article{Vidal2002PRL_Catalysis,
    author = "Vidal, G. and Cirac, J.",
    doi = "10.1103/PhysRevLett.88.167903",
    issn = "0031-9007",
    journal = "Physical Review Letters",
    month = "April",
    number = "16",
    pages = "167903",
    publisher = "American Physical Society",
    title = "Catalysis in Nonlocal Quantum Operations",
    url = "https://dx.doi.org/10.1103/PhysRevLett.88.167903",
    volume = "88",
    year = "2002",
    archiveprefix = "arXiv",
    arxivid = "quant-ph/0108077",
    eprint = "quant-ph/0108077"
}

@article{Vedral2002RMP,
    author = "Vedral, V.",
    doi = "10.1103/RevModPhys.74.197",
    issn = "0034-6861",
    journal = "Reviews of Modern Physics",
    month = "March",
    number = "1",
    pages = "197--234",
    publisher = "American Physical Society",
    title = "The role of relative entropy in quantum information theory",
    url = "https://dx.doi.org/10.1103/RevModPhys.74.197",
    volume = "74",
    year = "2002",
    archiveprefix = "arXiv",
    arxivid = "quant-ph/0102094",
    eprint = "quant-ph/0102094"
}

@article{Scully2002_afterburner,
    author = "Scully, M.",
    doi = "10.1103/PhysRevLett.88.050602",
    issn = "0031-9007",
    journal = "Physical Review Letters",
    month = "January",
    number = "5",
    pages = "50602",
    publisher = "American Physical Society",
    title = "Quantum Afterburner: Improving the Efficiency of an Ideal Heat Engine",
    url = "https://dx.doi.org/10.1103/PhysRevLett.88.050602",
    volume = "88",
    year = "2002",
    archiveprefix = "arXiv",
    arxivid = "quant-ph/0105135",
    eprint = "quant-ph/0105135"
}

@article{Caves2002PhysRevA65,
    author = "Caves, C. and Fuchs, C. and Schack, R.",
    doi = "10.1103/PhysRevA.65.022305",
    issn = "1050-2947",
    journal = "Physical Review A",
    month = "January",
    number = "2",
    pages = "22305",
    publisher = "American Physical Society",
    title = "Quantum probabilities as Bayesian probabilities",
    url = "https://dx.doi.org/10.1103/PhysRevA.65.022305",
    volume = "65",
    year = "2002"
}

@article{Fitzi2001PRL_byzantine,
    author = "Fitzi, M. and Gisin, N. and Maurer, U.",
    doi = "10.1103/PhysRevLett.87.217901",
    issn = "0031-9007",
    journal = "Physical Review Letters",
    keywords = "aharonov determinant state",
    mendeley-tags = "aharonov determinant state",
    month = "November",
    number = "21",
    pages = "217901",
    title = "Quantum Solution to the Byzantine Agreement Problem",
    url = "https://dx.doi.org/10.1103/PhysRevLett.87.217901",
    volume = "87",
    year = "2001",
    archiveprefix = "arXiv",
    arxivid = "quant-ph/0107127",
    eprint = "quant-ph/0107127"
}

@article{James2001PRA_KwiatQubitTomo,
    author = "James, D. F. V. and Kwiat, P. G. and Munro, W. J. and White, A. G.",
    doi = "10.1103/PhysRevA.64.052312",
    issn = "1050-2947",
    journal = "Physical Review A",
    month = "October",
    number = "5",
    pages = "52312",
    publisher = "American Physical Society",
    title = "Measurement of qubits",
    url = "https://dx.doi.org/10.1103/PhysRevA.64.052312",
    volume = "64",
    year = "2001"
}

@article{Allahverdyan2001_breakdown,
    author = "Allahverdyan, A. and Nieuwenhuizen, Th.",
    doi = "10.1103/PhysRevE.64.056117",
    issn = "1063-651X",
    journal = "Physical Review E",
    keywords = "Landauder's principle,entanglement,thermo",
    mendeley-tags = "Landauder's principle,entanglement,thermo",
    month = "October",
    number = "5",
    pages = "056117",
    publisher = "American Physical Society",
    shorttitle = "Phys. Rev. E",
    title = "Breakdown of the {Landauer} bound for information erasure in the quantum regime",
    url = "https://dx.doi.org/10.1103/PhysRevE.64.056117",
    volume = "64",
    year = "2001",
    archiveprefix = "arXiv",
    arxivid = "cond-mat/0012284",
    eprint = "cond-mat/0012284"
}

@article{Zyczkowski2001_Induced,
    author = "Zyczkowski, K. and Sommers, H.-J.",
    doi = "10.1088/0305-4470/34/35/335",
    issn = "0305-4470",
    journal = "Journal of Physics A",
    month = "September",
    number = "35",
    pages = "7111--7125",
    title = "Induced measures in the space of mixed quantum states",
    url = "https://dx.doi.org/10.1088/0305-4470/34/35/335",
    volume = "34",
    year = "2001",
    archiveprefix = "arXiv",
    arxivid = "quant-ph/0012101",
    eprint = "quant-ph/0012101"
}

@article{VidalC-irre,
    author = "Vidal, G. and Cirac, J. I.",
    title = "Irreversibility in asymptotic manipulations of entanglement",
    journal = "Phys. Rev. Lett.",
    year = "2001",
    volume = "86",
    pages = "5803--5806",
    doi = "10.1103/PhysRevLett.86.5803",
    annote = "From Duplicate 1 ( Irreversibility in Asymptotic Manipulations of Entanglement - Vidal, G.; Cirac, J. )",
    issn = "0031-9007",
    keywords = "entanglement distillation,irreversibility",
    mendeley-tags = "entanglement distillation,irreversibility",
    month = "June",
    number = "25",
    publisher = "American Physical Society",
    shorttitle = "Phys. Rev. Lett.",
    url = "https://dx.doi.org/10.1103/PhysRevLett.86.5803",
    archiveprefix = "arXiv",
    arxivid = "quant-ph/0102036",
    eprint = "quant-ph/0102036"
}

@article{Nielsen2001PRL,
    author = "Nielsen, M. and Kempe, J.",
    doi = "10.1103/PhysRevLett.86.5184",
    issn = "0031-9007",
    journal = "Physical Review Letters",
    month = "May",
    number = "22",
    pages = "5184--5187",
    publisher = "American Physical Society",
    title = "Separable States Are More Disordered Globally than Locally",
    url = "https://dx.doi.org/10.1103/PhysRevLett.86.5184",
    volume = "86",
    year = "2001",
    archiveprefix = "arXiv",
    arxivid = "quant-ph/0011117",
    eprint = "quant-ph/0011117"
}

@article{Rehacek2001PRA,
    author = "Řeháček, J. and Hradil, Z. and Ježek, M.",
    doi = "10.1103/PhysRevA.63.040303",
    issn = "1050-2947",
    journal = "Physical Review A",
    month = "March",
    number = "4",
    pages = "40303",
    publisher = "American Physical Society",
    title = "Iterative algorithm for reconstruction of entangled states",
    url = "https://dx.doi.org/10.1103/PhysRevA.63.040303",
    volume = "63",
    year = "2001",
    archiveprefix = "arXiv",
    arxivid = "quant-ph/0009093",
    eprint = "quant-ph/0009093"
}

@article{Plenio2001_forgetting,
    author = "Plenio, M. B. and Vitelli, V.",
    doi = "10.1080/00107510010018916",
    issn = "0010-7514",
    journal = "Contemporary Physics",
    keywords = "{Landauer}'s principle,thermo",
    mendeley-tags = "{Landauer}'s principle,thermo",
    month = "January",
    number = "1",
    pages = "25--60",
    publisher = "Taylor & Francis",
    title = "The physics of forgetting: {Landauer}'s erasure principle and information theory",
    url = "https://dx.doi.org/10.1080/00107510010018916",
    volume = "42",
    year = "2001",
    archiveprefix = "arXiv",
    arxivid = "quant-ph/0103108",
    eprint = "quant-ph/0103108"
}

@article{Parikh2000PRL_HawkingTunnel,
    author = "Parikh, M. and Wilczek, F.",
    doi = "10.1103/PhysRevLett.85.5042",
    issn = "0031-9007",
    journal = "Physical Review Letters",
    keywords = "black holes",
    mendeley-tags = "black holes",
    month = "December",
    number = "24",
    pages = "5042--5045",
    publisher = "American Physical Society",
    shorttitle = "Phys. Rev. Lett.",
    title = "Hawking Radiation As Tunneling",
    url = "https://dx.doi.org/10.1103/PhysRevLett.85.5042",
    volume = "85",
    year = "2000"
}

@article{Lee2000PRA,
    author = "Lee, H.-W. and Kim, J.",
    doi = "10.1103/PhysRevA.63.012305",
    issn = "1050-2947",
    journal = "Physical Review A",
    month = "December",
    number = "1",
    pages = "12305",
    publisher = "American Physical Society",
    title = "Quantum teleportation and {Bell}’s inequality using single-particle entanglement",
    url = "https://dx.doi.org/10.1103/PhysRevA.63.012305",
    volume = "63",
    year = "2000"
}

@book{BookNielsenChuang2000,
    author = "Nielsen, M. A. and Chuang, I. L.",
    publisher = "Cambridge University Press",
    title = "Quantum Computation and Quantum Information",
    year = "2000"
}

@article{Lloyd2000_ultimate,
    author = "Lloyd, S.",
    doi = "10.1038/35023282",
    issn = "1476-4687",
    journal = "Nature",
    keywords = "computation,thermo",
    mendeley-tags = "computation,thermo",
    month = "August",
    number = "6799",
    pages = "1047--54",
    pmid = "10984064",
    shorttitle = "Nature",
    title = "Ultimate physical limits to computation",
    url = "https://dx.doi.org/10.1038/35023282",
    volume = "406",
    year = "2000"
}

@article{Allahverdyan2000_extraction,
    author = "Allahverdyan, A. and Nieuwenhuizen, Th.",
    doi = "10.1103/PhysRevLett.85.1799",
    issn = "0031-9007",
    journal = "Physical Review Letters",
    month = "August",
    number = "9",
    pages = "1799--1802",
    publisher = "American Physical Society",
    title = "Extraction of Work from a Single Thermal Bath in the Quantum Regime",
    url = "https://dx.doi.org/10.1103/PhysRevLett.85.1799",
    volume = "85",
    year = "2000",
    archiveprefix = "arXiv",
    arxivid = "cond-mat/0006404",
    eprint = "cond-mat/0006404"
}

@article{Piechocinska2000PRA,
    author = "Piechocinska, B.",
    doi = "10.1103/PhysRevA.61.062314",
    issn = "1050-2947",
    journal = "Physical Review A",
    keywords = "{Landauer}'s principle,thermo",
    mendeley-tags = "{Landauer}'s principle,thermo",
    month = "May",
    number = "6",
    pages = "062314",
    publisher = "American Physical Society",
    shorttitle = "Phys. Rev. A",
    title = "Information erasure",
    url = "https://dx.doi.org/10.1103/PhysRevA.61.062314",
    volume = "61",
    year = "2000"
}

@article{Janzing2000_cost,
    author = "Janzing, D. and Wocjan, P. and Zeier, R. and Geiss, R. and Beth, T.",
    doi = "10.1023/A:1026422630734",
    journal = "International Journal of Theoretical Physics",
    keywords = "thermo",
    mendeley-tags = "thermo",
    month = "February",
    number = "12",
    pages = "2717--2753",
    title = "Thermodynamic Cost of Reliability and Low Temperatures: Tightening {Landauer}'s Principle and the Second Law",
    url = "https://dx.doi.org/10.1023/A:1026422630734",
    volume = "39",
    year = "2000",
    archiveprefix = "arXiv",
    arxivid = "quant-ph/0002048",
    eprint = "quant-ph/0002048"
}

@inproceedings{Schulman99_MolecHeatEngine,
    author = "Schulman, L. J. and Vazirani, U. V.",
    address = "New York, New York, USA",
    booktitle = "Proceedings of the thirty-first annual ACM symposium on Theory of computing - STOC '99",
    doi = "10.1145/301250.301332",
    isbn = "1581130678",
    pages = "322--329",
    publisher = "ACM Press",
    series = "STOC '99",
    title = "Molecular scale heat engines and scalable quantum computation",
    url = "https://dx.doi.org/10.1145/301250.301332",
    year = "1999"
}

@article{Crooks1999_fluct,
    author = "Crooks, G.",
    doi = "10.1103/PhysRevE.60.2721",
    issn = "1063-651X",
    journal = "Physical Review E",
    keywords = "Crooks,fluctuation theorem,thermo",
    mendeley-tags = "Crooks,fluctuation theorem,thermo",
    month = "September",
    number = "3",
    pages = "2721--2726",
    publisher = "American Physical Society",
    shorttitle = "Phys. Rev. E",
    title = "Entropy production fluctuation theorem and the nonequilibrium work relation for free energy differences",
    url = "https://dx.doi.org/10.1103/PhysRevE.60.2721",
    volume = "60",
    year = "1999"
}

@article{Nielsen1999PRL,
    author = "Nielsen, M.",
    doi = "10.1103/PhysRevLett.83.436",
    issn = "0031-9007",
    journal = "Physical Review Letters",
    month = "July",
    number = "2",
    pages = "436--439",
    publisher = "American Physical Society",
    title = "Conditions for a Class of Entanglement Transformations",
    url = "https://dx.doi.org/10.1103/PhysRevLett.83.436",
    volume = "83",
    year = "1999",
    archiveprefix = "arXiv",
    arxivid = "quant-ph/9811053",
    eprint = "quant-ph/9811053"
}

@article{Lieb1999_secondlaw,
    author = "Lieb, E. H. and Yngvason, J.",
    doi = "10.1016/S0370-1573(98)00082-9",
    issn = "03701573",
    journal = "Physics Reports",
    keywords = "05.70.−a,Entropy,MSC 80A05,MSC 80A10,Second law,Thermodynamics,aximatization,second law,thermo",
    mendeley-tags = "aximatization,second law,thermo",
    month = "March",
    number = "1",
    pages = "1--96",
    title = "The physics and mathematics of the second law of thermodynamics",
    url = "https://dx.doi.org/10.1016/S0370-1573(98)00082-9",
    volume = "310",
    year = "1999",
    archiveprefix = "arXiv",
    arxivid = "cond-mat/9708200",
    eprint = "cond-mat/9708200"
}

@article{Earman1999_ExorcistXIVp2,
    author = "Earman, J. and Norton, J. D.",
    doi = "10.1016/S1355-2198(98)00026-4",
    issn = "13552198",
    journal = "Studies In History and Philosophy of Science Part B: Studies In History and Philosophy of Modern Physics",
    keywords = "thermo",
    mendeley-tags = "thermo",
    month = "March",
    number = "1",
    pages = "1--40",
    title = "Exorcist {XIV}: The Wrath of {Maxwell}’s Demon. Part {II}. From {Szilard} to {Landauer} and Beyond",
    url = "https://dx.doi.org/10.1016/S1355-2198(98)00026-4",
    volume = "30",
    year = "1999"
}

@article{Buttiker1999JKPS_relaxation,
    author = "Büttiker, M.",
    doi = "10.3938/jkps.34.121",
    issn = "0374-4884",
    journal = "Journal of the Korean Physical Society",
    month = "February",
    number = "92",
    pages = "S121--S130",
    publisher = "The Korean Physical Society",
    title = "Charge Relaxation Resistances and Charge Fluctuations in Mesoscopic Conductors",
    url = "https://dx.doi.org/10.3938/jkps.34.121",
    volume = "34",
    year = "1999",
    archiveprefix = "arXiv",
    arxivid = "cond-mat/9902054",
    eprint = "cond-mat/9902054"
}

@article{Earman1998_ExorcistXIVp1,
    author = "Earman, J. and Norton, J. D.",
    doi = "10.1016/S1355-2198(98)00023-9",
    issn = "13552198",
    journal = "Studies In History and Philosophy of Science Part B: Studies In History and Philosophy of Modern Physics",
    keywords = "thermo",
    mendeley-tags = "thermo",
    month = "December",
    number = "4",
    pages = "435--471",
    title = "Exorcist {XIV}: The Wrath of {Maxwell}’s Demon. Part {I}. From {Maxwell} to {Szilard}",
    url = "https://dx.doi.org/10.1016/S1355-2198(98)00023-9",
    volume = "29",
    year = "1998"
}

@article{Jozsa1998PRL81,
    author = "Jozsa, R. and Horodecki, M. and Horodecki, P. and Horodecki, R.",
    doi = "10.1103/PhysRevLett.81.1714",
    issn = "0031-9007",
    journal = "Physical Review Letters",
    month = "August",
    number = "8",
    pages = "1714--1717",
    publisher = "American Physical Society",
    title = "Universal Quantum Information Compression",
    url = "https://dx.doi.org/10.1103/PhysRevLett.81.1714",
    volume = "81",
    year = "1998",
    archiveprefix = "arXiv",
    arxivid = "quant-ph/9805017",
    eprint = "quant-ph/9805017"
}

@book{BookBhatiaMatrixAnalysis1997,
    author = "Bhatia, R.",
    publisher = "Springer",
    series = "Graduate Texts in Mathematics",
    title = "Matrix Analysis",
    year = "1997"
}

@article{Lloyd1997_demon,
    author = "Lloyd, S.",
    doi = "10.1103/PhysRevA.56.3374",
    issn = "1050-2947",
    journal = "Physical Review A",
    keywords = "thermo",
    mendeley-tags = "thermo",
    month = "November",
    number = "5",
    pages = "3374--3382",
    title = "Quantum-mechanical {Maxwell}’s demon",
    url = "https://dx.doi.org/10.1103/PhysRevA.56.3374",
    volume = "56",
    year = "1997",
    archiveprefix = "arXiv",
    arxivid = "quant-ph/9612034",
    eprint = "quant-ph/9612034"
}

@article{Chuang1997JMO,
    author = "Chuang, I. L. and Nielsen, M. A.",
    doi = "10.1080/09500349708231894",
    issn = "0950-0340",
    journal = "Journal of Modern Optics",
    month = "November",
    number = "11-12",
    pages = "2455--2467",
    title = "Prescription for experimental determination of the dynamics of a quantum black box",
    url = "https://dx.doi.org/10.1080/09500349708231894",
    volume = "44",
    year = "1997"
}

@article{Howard1997_molecular,
    author = "Howard, J.",
    doi = "10.1038/39247",
    issn = "0028-0836",
    journal = "Nature",
    keywords = "Animals,Biological,Biomechanics,Dyneins,Dyneins: chemistry,Dyneins: physiology,Kinesin,Kinesin: chemistry,Kinesin: physiology,Microtubules,Microtubules: physiology,Models,Movement,Muscle,Myosins,Myosins: chemistry,Myosins: physiology,Protein Conformation,Skeletal,Skeletal: physiology,Structure-Activity Relationship,Time Factors",
    month = "October",
    number = "6651",
    pages = "561--7",
    pmid = "9335494",
    publisher = "[London: Macmillan Journals], 1869-",
    title = "Molecular motors: structural adaptations to cellular functions.",
    url = "https://dx.doi.org/10.1038/39247",
    volume = "389",
    year = "1997"
}

@article{Vedral1997PRL,
    author = "Vedral, V. and Plenio, M. B. and Rippin, M. A. and Knight, P. L.",
    doi = "10.1103/PhysRevLett.78.2275",
    issn = "0031-9007",
    journal = "Physical Review Letters",
    month = "March",
    number = "12",
    pages = "2275--2279",
    publisher = "American Physical Society",
    title = "Quantifying Entanglement",
    url = "https://dx.doi.org/10.1103/PhysRevLett.78.2275",
    volume = "78",
    year = "1997",
    archiveprefix = "arXiv",
    arxivid = "quant-ph/9702027",
    eprint = "quant-ph/9702027"
}

@article{Hradil1997PRA_MLE,
    author = "Hradil, Z.",
    doi = "10.1103/PhysRevA.55.R1561",
    issn = "1050-2947",
    journal = "Physical Review A",
    month = "March",
    number = "3",
    pages = "R1561--R1564",
    publisher = "American Physical Society",
    title = "Quantum-state estimation",
    url = "https://dx.doi.org/10.1103/PhysRevA.55.R1561",
    volume = "55",
    year = "1997"
}

@article{Horodecki1997PRL,
    author = "Horodecki, M. and Horodecki, P. and Horodecki, R.",
    doi = "10.1103/PhysRevLett.78.574",
    issn = "0031-9007",
    journal = "Physical Review Letters",
    month = "January",
    number = "4",
    pages = "574--577",
    publisher = "American Physical Society",
    title = "Inseparable Two Spin- 12 Density Matrices Can Be Distilled to a Singlet Form",
    url = "https://dx.doi.org/10.1103/PhysRevLett.78.574",
    volume = "78",
    year = "1997"
}

@article{Landauer1996_physical,
    author = "Landauer, R.",
    doi = "10.1016/0375-9601(96)00453-7",
    issn = "0375-9601",
    journal = "Physics Letters A",
    keywords = "information",
    mendeley-tags = "information",
    number = "4",
    pages = "188--193",
    title = "The physical nature of information",
    url = "https://dx.doi.org/10.1016/0375-9601(96)00453-7",
    volume = "217",
    year = "1996"
}

@book{BookFeynmanLecturesOnComputation1996,
    author = "Feynman, R. P.",
    publisher = "Westview Press",
    title = "Lectures on Computation",
    year = "1996"
}

@article{BBPS1996,
    author = "Bennett, C. H. and Bernstein, H. J. and Popescu, S. and Schumacher, B.",
    title = "Concentrating Partial Entanglement by Local Operations",
    journal = "Phys. Rev. A",
    year = "1996",
    volume = "53",
    pages = "2046-2052",
    doi = "10.1103/PhysRevA.53.2046",
    archiveprefix = "arXiv",
    arxivid = "quant-ph/9511030",
    eprint = "quant-ph/9511030",
    url = "https://dx.doi.org/10.1103/PhysRevA.53.2046"
}

@article{BDSW1996,
    author = "Bennett, C. H. and DiVincenzo, D. P. and Smolin, J. A. and Wootters, W. K.",
    title = "Mixed-state entanglement and quantum error correction",
    journal = "Phys. Rev. A",
    year = "1996",
    volume = "54",
    pages = "3824--3851",
    doi = "10.1103/PhysRevA.54.3824",
    annote = "From Duplicate 2 ( Mixed-state entanglement and quantum error correction - Bennett, Charles; DiVincenzo, David; Smolin, John; Wootters, William )",
    issn = "1050-2947",
    keywords = "entanglement,quantum error correction",
    mendeley-tags = "entanglement,quantum error correction",
    month = "November",
    number = "5",
    publisher = "American Physical Society",
    shorttitle = "Phys. Rev. A",
    url = "https://dx.doi.org/10.1103/PhysRevA.54.3824",
    archiveprefix = "arXiv",
    arxivid = "quant-ph/9604024",
    eprint = "quant-ph/9604024"
}

@article{Bennett1996PRA_concentrating,
    author = "Bennett, C. H. and Popescu, S. and Schumacher, B.",
    doi = "10.1103/PhysRevA.53.2046",
    issn = "1050-2947",
    journal = "Physical Review A",
    keywords = "entanglement,locc",
    mendeley-tags = "entanglement,locc",
    month = "April",
    number = "4",
    pages = "2046--2052",
    publisher = "American Physical Society",
    shorttitle = "Phys. Rev. A",
    title = "Concentrating partial entanglement by local operations",
    url = "https://dx.doi.org/10.1103/PhysRevA.53.2046",
    volume = "53",
    year = "1996",
    archiveprefix = "arXiv",
    arxivid = "quant-ph/9511030",
    eprint = "quant-ph/9511030"
}

@article{BBPSSW1996,
    author = "Bennett, C. H. and Brassard, G. and Popescu, S. and Schumacher, B. and Smolin, J. A. and Wootters, W. K.",
    title = "Purification of noisy entanglement and faithful teleportation via noisy channels",
    journal = "Phys. Rev. Lett.",
    year = "1996",
    volume = "76",
    pages = "722--725",
    doi = "10.1103/PhysRevLett.76.722",
    annote = "From Duplicate 2 ( Purification of Noisy Entanglement and Faithful Teleportation via Noisy Channels - Bennett, Charles; Brassard, Gilles; Popescu, Sandu; Schumacher, Benjamin; Smolin, John; Wootters, William )",
    issn = "0031-9007",
    keywords = "entanglement,noisy channel,teleportation",
    mendeley-tags = "entanglement,noisy channel,teleportation",
    month = "January",
    number = "5",
    publisher = "American Physical Society",
    shorttitle = "Phys. Rev. Lett.",
    url = "https://dx.doi.org/10.1103/PhysRevLett.76.722",
    archiveprefix = "arXiv",
    arxivid = "quant-ph/9511027",
    eprint = "quant-ph/9511027"
}

@article{Shizume1995_HeatGeneration,
    author = "Shizume, K.",
    doi = "10.1103/PhysRevE.52.3495",
    issn = "1063-651X",
    journal = "Physical Review E",
    keywords = "{Landauer}'s principle,thermo",
    mendeley-tags = "{Landauer}'s principle,thermo",
    month = "October",
    number = "4",
    pages = "3495--3499",
    publisher = "American Physical Society",
    shorttitle = "Phys. Rev. E",
    title = "Heat generation required by information erasure",
    url = "https://dx.doi.org/10.1103/PhysRevE.52.3495",
    volume = "52",
    year = "1995"
}

@article{DAriano1995_PhysRevA52,
    author = "D’Ariano, G. and Leonhardt, U. and Paul, H.",
    doi = "10.1103/PhysRevA.52.R1801",
    issn = "1050-2947",
    journal = "Physical Review A",
    month = "September",
    number = "3",
    pages = "R1801--R1804",
    publisher = "American Physical Society",
    title = "Homodyne detection of the density matrix of the radiation field",
    url = "https://dx.doi.org/10.1103/PhysRevA.52.R1801",
    volume = "52",
    year = "1995"
}

@article{Jacobson1995_spacetime,
    author = "Jacobson, T.",
    doi = "10.1103/PhysRevLett.75.1260",
    issn = "0031-9007",
    journal = "Physical Review Letters",
    keywords = "entropic gravity,general relativity,gravity,thermo",
    mendeley-tags = "entropic gravity,general relativity,gravity,thermo",
    month = "August",
    number = "7",
    pages = "1260--1263",
    publisher = "American Physical Society",
    shorttitle = "Phys. Rev. Lett.",
    title = "Thermodynamics of Spacetime: The Einstein Equation of State",
    url = "https://dx.doi.org/10.1103/PhysRevLett.75.1260",
    volume = "75",
    year = "1995",
    archiveprefix = "arXiv",
    arxivid = "gr-qc/9504004",
    eprint = "gr-qc/9504004"
}

@article{Fuchs1996OSID_Mathematical,
    author = "Fuchs, C. A. and Caves, C. M.",
    journal = "Open Systems & Information Dynamics",
    keywords = "bures metric,fidelity",
    mendeley-tags = "bures metric,fidelity",
    month = "April",
    number = "1",
    pages = "345",
    title = "Mathematical Techniques for Quantum Communication Theory",
    volume = "3",
    year = "1995",
    archiveprefix = "arXiv",
    arxivid = "quant-ph/9604001",
    eprint = "quant-ph/9604001"
}

@article{Faucheux1995_ratchet,
    author = "Faucheux, L. and Bourdieu, L. and Kaplan, P. and Libchaber, A.",
    doi = "10.1103/PhysRevLett.74.1504",
    issn = "0031-9007",
    journal = "Physical Review Letters",
    month = "February",
    number = "9",
    pages = "1504--1507",
    publisher = "American Physical Society",
    title = "Optical Thermal Ratchet",
    url = "https://dx.doi.org/10.1103/PhysRevLett.74.1504",
    volume = "74",
    year = "1995"
}

@article{Jozsa1994_fidelity,
    author = "Jozsa, R.",
    doi = "10.1080/09500349414552171",
    issn = "0950-0340",
    journal = "Journal of Modern Optics",
    month = "December",
    number = "12",
    pages = "2315--2323",
    title = "Fidelity for Mixed Quantum States",
    url = "https://dx.doi.org/10.1080/09500349414552171",
    volume = "41",
    year = "1994"
}

@article{Ando1994LAA,
    author = "Ando, T. and Hiai, F.",
    doi = "10.1016/0024-3795(94)90484-7",
    issn = "0024-3795",
    journal = "Linear Algebra and its Applications",
    number = "0",
    pages = "113--131",
    title = "Log majorization and complementary Golden-Thompson type inequalities",
    volume = "197-198",
    year = "1994",
    url = "https://dx.doi.org/10.1016/0024-3795(94)90484-7"
}

@article{DAriano1994_PhysRevA50,
    author = "D’Ariano, G. and Macchiavello, C. and Paris, M.",
    doi = "10.1103/PhysRevA.50.4298",
    issn = "1050-2947",
    journal = "Physical Review A",
    month = "November",
    number = "5",
    pages = "4298--4302",
    publisher = "American Physical Society",
    title = "Detection of the density matrix through optical homodyne tomography without filtered back projection",
    url = "https://dx.doi.org/10.1103/PhysRevA.50.4298",
    volume = "50",
    year = "1994"
}

@article{Rousselet1994_directionalbrownian,
    author = "Rousselet, J. and Salome, L. and Ajdari, A. and Prost, J.",
    doi = "10.1038/370446a0",
    issn = "0028-0836",
    journal = "Nature",
    keywords = "Colloids,Electricity,Motion,Particle Size,Polystyrenes,Proteins,Solutions",
    month = "August",
    number = "6489",
    pages = "446--447",
    pmid = "8047163",
    title = "Directional motion of brownian particles induced by a periodic asymmetric potential.",
    url = "https://dx.doi.org/10.1038/370446a0",
    volume = "370",
    year = "1994"
}

@article{Dowling1994_PhysRevA49,
    author = "Dowling, J. and Agarwal, G. and Schleich, W.",
    doi = "10.1103/PhysRevA.49.4101",
    issn = "1050-2947",
    journal = "Physical Review A",
    month = "May",
    number = "5",
    pages = "4101--4109",
    publisher = "American Physical Society",
    title = "Wigner distribution of a general angular-momentum state: Applications to a collection of two-level atoms",
    url = "https://dx.doi.org/10.1103/PhysRevA.49.4101",
    volume = "49",
    year = "1994"
}

@article{Braunstein1994_statistical,
    author = "Braunstein, S. and Caves, C.",
    doi = "10.1103/PhysRevLett.72.3439",
    issn = "0031-9007",
    journal = "Physical Review Letters",
    month = "May",
    number = "22",
    pages = "3439--3443",
    publisher = "American Physical Society",
    shorttitle = "Phys. Rev. Lett.",
    title = "Statistical distance and the geometry of quantum states",
    url = "https://dx.doi.org/10.1103/PhysRevLett.72.3439",
    volume = "72",
    year = "1994"
}

@article{Popescu1994FP,
    author = "Popescu, S. and Rohrlich, D.",
    doi = "10.1007/BF02058098",
    issn = "0015-9018",
    journal = "Foundations of Physics",
    month = "March",
    number = "3",
    pages = "379--385",
    publisher = "Springer Netherlands",
    title = "Quantum nonlocality as an axiom",
    url = "https://dx.doi.org/10.1007/BF02058098",
    volume = "24",
    year = "1994"
}

@article{Bekenstein1994_entropybounds,
    author = "Bekenstein, J.",
    doi = "10.1103/PhysRevD.49.1912",
    issn = "0556-2821",
    journal = "Physical Review D",
    keywords = "black holes,holographic principle,thermo",
    mendeley-tags = "black holes,holographic principle,thermo",
    month = "February",
    number = "4",
    pages = "1912--1921",
    publisher = "American Physical Society",
    shorttitle = "Phys. Rev. D",
    title = "Entropy bounds and black hole remnants",
    url = "https://dx.doi.org/10.1103/PhysRevD.49.1912",
    volume = "49",
    year = "1994"
}

@article{Hubner1993_computation,
    author = "Hübner, M.",
    doi = "10.1016/0375-9601(93)90668-P",
    journal = "Physics Letters A",
    keywords = "bures metric,tomography",
    mendeley-tags = "bures metric,tomography",
    number = "4",
    pages = "226--230",
    title = "Computation of Uhlmann's parallel transport for density matrices and the Bures metric on three-dimensional Hilbert space",
    url = "https://dx.doi.org/10.1016/0375-9601(93)90668-P",
    volume = "179",
    year = "1993"
}

@inproceedings{HanVerdu1993_approximate,
    author = "Han, T. S. and Verdu, S.",
    booktitle = "Proceedings of the IEEE International Symposium on Information Theory",
    doi = "10.1109/ISIT.1993.748468",
    isbn = "0-7803-0878-6",
    keywords = "information spectrum",
    mendeley-tags = "information spectrum",
    pages = "153--153",
    publisher = "IEEE",
    title = "Approximation Theory of Output Statistics",
    url = "https://dx.doi.org/10.1109/ISIT.1993.748468",
    year = "1993"
}

@article{Dittman1993_riemannian,
    author = "Dittmann, J.",
    issn = "0940-2268",
    journal = "Seminar Sophus Lie",
    number = "1",
    pages = "73--87",
    title = "On the Riemannian Geometry of Finite Dimensional Mixed States",
    url = "http://www.emis.de/journals/JLT/vol.3_no.1/index.html",
    volume = "3",
    year = "1993"
}

@article{Landau1993_birkhoff,
    author = "Landau, L. J. and Streater, R. F.",
    doi = "10.1016/0024-3795(93)90274-R",
    issn = "00243795",
    journal = "Linear Algebra and its Applications",
    keywords = "majorization,thermo",
    mendeley-tags = "majorization,thermo",
    month = "November",
    number = "null",
    pages = "107--127",
    title = "On Birkhoff's theorem for doubly stochastic completely positive maps of matrix algebras",
    url = "https://dx.doi.org/10.1016/0024-3795(93)90274-R",
    volume = "193",
    year = "1993"
}

@article{Wald1993_Noether,
    author = "Wald, R.",
    doi = "10.1103/PhysRevD.48.R3427",
    issn = "0556-2821",
    journal = "Physical Review D",
    keywords = "black holes,entropy",
    mendeley-tags = "black holes,entropy",
    month = "October",
    number = "8",
    pages = "R3427--R3431",
    publisher = "American Physical Society",
    shorttitle = "Phys. Rev. D",
    title = "Black hole entropy is the Noether charge",
    url = "https://dx.doi.org/10.1103/PhysRevD.48.R3427",
    volume = "48",
    year = "1993",
    archiveprefix = "arXiv",
    arxivid = "gr-qc/9307038",
    eprint = "gr-qc/9307038"
}

@article{Susskind1993,
    author = "Susskind, L. and Thorlacius, L. and Uglum, J.",
    doi = "10.1103/PhysRevD.48.3743",
    issn = "0556-2821",
    journal = "Physical Review D",
    keywords = "balck holes,complementarity",
    mendeley-tags = "balck holes,complementarity",
    month = "October",
    number = "8",
    pages = "3743--3761",
    publisher = "American Physical Society",
    shorttitle = "Phys. Rev. D",
    title = "The stretched horizon and black hole complementarity",
    url = "https://dx.doi.org/10.1103/PhysRevD.48.3743",
    volume = "48",
    year = "1993"
}

@article{Smithey1993_PhysRevLett70,
    author = "Smithey, D. and Beck, M. and Raymer, M. and Faridani, A.",
    doi = "10.1103/PhysRevLett.70.1244",
    issn = "0031-9007",
    journal = "Physical Review Letters",
    month = "March",
    number = "9",
    pages = "1244--1247",
    publisher = "American Physical Society",
    title = "Measurement of the Wigner distribution and the density matrix of a light mode using optical homodyne tomography: Application to squeezed states and the vacuum",
    url = "https://dx.doi.org/10.1103/PhysRevLett.70.1244",
    volume = "70",
    year = "1993"
}

@article{Bennett1993PRL_Teleportation,
    author = "Bennett, C. H. and Brassard, G. and Crépeau, C. and Jozsa, R. and Peres, A. and Wootters, W. K.",
    doi = "10.1103/PhysRevLett.70.1895",
    issn = "0031-9007",
    journal = "Physical Review Letters",
    month = "March",
    number = "13",
    pages = "1895--1899",
    publisher = "American Physical Society",
    title = "Teleporting an unknown quantum state via dual classical and Einstein-Podolsky-Rosen channels",
    url = "https://dx.doi.org/10.1103/PhysRevLett.70.1895",
    volume = "70",
    year = "1993"
}

@incollection{Jaynes1992_Gibbs,
    author = "Jaynes, E. T.",
    editor = "Smith, C. R. and Erickson, G. and Neudorfer, P. O.",
    booktitle = "Maximum Entropy and Bayesian Methods",
    doi = "10.1007/978-94-017-2219-3_1",
    isbn = "978-90-481-4220-0",
    pages = "1--21",
    publisher = "Springer Netherlands",
    series = "Fundamental Theories of Physics",
    title = "The Gibbs Paradox",
    url = "https://dx.doi.org/10.1007/978-94-017-2219-3_1",
    volume = "50",
    year = "1992"
}

@article{Geva1992_classical,
    author = "Geva, E. and Kosloff, R.",
    doi = "10.1063/1.463909",
    issn = "00219606",
    journal = "The Journal of Chemical Physics",
    number = "6",
    pages = "4398",
    title = "On the classical limit of quantum thermodynamics in finite time",
    url = "https://dx.doi.org/10.1063/1.463909",
    volume = "97",
    year = "1992"
}

@article{Hardy1992PRL_realistic,
    author = "Hardy, L.",
    doi = "10.1103/PhysRevLett.68.2981",
    issn = "0031-9007",
    journal = "Physical Review Letters",
    month = "May",
    number = "20",
    pages = "2981--2984",
    title = "Quantum mechanics, local realistic theories, and Lorentz-invariant realistic theories",
    url = "https://dx.doi.org/10.1103/PhysRevLett.68.2981",
    volume = "68",
    year = "1992"
}

@article{Hubner1992_Bures,
    author = "Hübner, M.",
    doi = "10.1016/0375-9601(92)91004-B",
    issn = "03759601",
    journal = "Physics Letters A",
    keywords = "bures metric",
    mendeley-tags = "bures metric",
    month = "March",
    number = "4",
    pages = "239--242",
    title = "Explicit computation of the Bures distance for density matrices",
    url = "https://dx.doi.org/10.1016/0375-9601(92)91004-B",
    volume = "163",
    year = "1992"
}

@article{Peres1991PRL,
    author = "Peres, A. and Wootters, W.",
    doi = "10.1103/PhysRevLett.66.1119",
    issn = "0031-9007",
    journal = "Physical Review Letters",
    month = "March",
    number = "9",
    pages = "1119--1122",
    publisher = "American Physical Society",
    title = "Optimal detection of quantum information",
    url = "https://dx.doi.org/10.1103/PhysRevLett.66.1119",
    volume = "66",
    year = "1991"
}

@article{Joe1990JMAA,
    author = "Joe, H.",
    doi = "10.1016/0022-247X(90)90002-W",
    issn = "0022247X",
    journal = "Journal of Mathematical Analysis and Applications",
    month = "May",
    number = "2",
    pages = "287--305",
    title = "Majorization and divergence",
    url = "https://dx.doi.org/10.1016/0022-247X(90)90002-W",
    volume = "148",
    year = "1990"
}

@article{Zurek1989_cost,
    author = "Zurek, W. H.",
    doi = "10.1038/341119a0",
    issn = "0028-0836",
    journal = "Nature",
    keywords = "computation,thermo",
    mendeley-tags = "computation,thermo",
    month = "September",
    number = "6238",
    pages = "119--124",
    shorttitle = "Nature",
    title = "Thermodynamic cost of computation, algorithmic complexity and the information metric",
    url = "https://dx.doi.org/10.1038/341119a0",
    volume = "341",
    year = "1989"
}

@article{Vogel1989PRA_tomo,
    author = "Vogel, K. and Risken, H.",
    doi = "10.1103/PhysRevA.40.2847",
    issn = "0556-2791",
    journal = "Physical Review A",
    month = "September",
    number = "5",
    pages = "2847--2849",
    publisher = "American Physical Society",
    title = "Determination of quasiprobability distributions in terms of probability distributions for the rotated quadrature phase",
    url = "https://dx.doi.org/10.1103/PhysRevA.40.2847",
    volume = "40",
    year = "1989"
}

@article{Landauer1988_dissipation,
    author = "Landauer, R.",
    doi = "10.1038/335779a0",
    issn = "0028-0836",
    journal = "Nature",
    keywords = "computation,thermo",
    mendeley-tags = "computation,thermo",
    month = "October",
    number = "6193",
    pages = "779--784",
    shorttitle = "Nature",
    title = "Dissipation and noise immunity in computation and communication",
    url = "https://dx.doi.org/10.1038/335779a0",
    volume = "335",
    year = "1988"
}

@article{Aharonov1988PRL_how,
    author = "Aharonov, Y. and Albert, D. and Vaidman, L.",
    doi = "10.1103/PhysRevLett.60.1351",
    issn = "0031-9007",
    journal = "Physical Review Letters",
    keywords = "weak measurements",
    mendeley-tags = "weak measurements",
    month = "April",
    number = "14",
    pages = "1351--1354",
    title = "How the result of a measurement of a component of the spin of a spin-1/2 particle can turn out to be 100",
    url = "https://dx.doi.org/10.1103/PhysRevLett.60.1351",
    volume = "60",
    year = "1988"
}

@article{Bennett1988IBMJRD_NotesHistRevComp,
    author = "Bennett, C. H.",
    doi = "10.1147/rd.321.0016",
    issn = "0018-8646",
    journal = "IBM Journal of Research and Development",
    keywords = "thermo",
    mendeley-tags = "thermo",
    month = "January",
    number = "1",
    pages = "16--23",
    title = "Notes on the history of reversible computation",
    url = "https://dx.doi.org/10.1147/rd.321.0016",
    volume = "32",
    year = "1988"
}

@article{Donald1987_free,
    author = "Donald, M. J.",
    doi = "10.1007/BF01009955",
    issn = "0022-4715",
    journal = "Journal of Statistical Physics",
    keywords = "Free energy,relative Hamiltonian,relative entropy",
    month = "October",
    number = "1-2",
    pages = "81--87",
    title = "Free energy and the relative entropy",
    url = "https://dx.doi.org/10.1007/BF01009955",
    volume = "49",
    year = "1987"
}

@article{Bertrand1987_FoundPhys,
    author = "Bertrand, J. and Bertrand, P.",
    doi = "10.1007/BF00733376",
    issn = "0015-9018",
    journal = "Foundations of Physics",
    month = "April",
    number = "4",
    pages = "397--405",
    publisher = "Springer Netherlands",
    title = "A tomographic approach to Wigner's function",
    url = "https://dx.doi.org/10.1007/BF00733376",
    volume = "17",
    year = "1987"
}

@article{Uhlmann1986_parallel,
    author = "Uhlmann, A.",
    doi = "10.1016/0034-4877(86)90055-8",
    issn = "00344877",
    journal = "Reports on Mathematical Physics",
    keywords = "very mathematical stuff",
    mendeley-tags = "very mathematical stuff",
    month = "October",
    number = "2",
    pages = "229--240",
    title = "Parallel transport and “quantum holonomy” along density operators",
    url = "https://dx.doi.org/10.1016/0034-4877(86)90055-8",
    volume = "24",
    year = "1986"
}

@article{Cohen1986_JointWignerDistr,
    author = "Cohen, L. and Scully, M. O.",
    doi = "10.1007/BF01882690",
    issn = "0015-9018",
    journal = "Foundations of Physics",
    month = "April",
    number = "4",
    pages = "295--310",
    publisher = "Springer Netherlands",
    title = "Joint Wigner distribution for spin-1/2 particles",
    url = "https://dx.doi.org/10.1007/BF01882690",
    volume = "16",
    year = "1986"
}

@article{Uhlmann1985_TrProbStatesStAlg,
    author = "Uhlmann, A.",
    doi = "10.1002/andp.19854970419",
    issn = "00033804",
    journal = "Annalen der Physik",
    number = "4-6",
    pages = "524--532",
    publisher = "WILEY-VCH Verlag",
    title = "The Transition Probability for States of *-Algebras",
    url = "https://dx.doi.org/10.1002/andp.19854970419",
    volume = "497",
    year = "1985"
}

@book{BookHornJohnsonMatrixAnalysis1985,
    author = "Horn, R. A. and Johnson, C. R.",
    address = "New York",
    publisher = "Cambridge University Press",
    title = "Matrix Analysis",
    year = "1985"
}

@article{'tHooft1985,
    author = "'t Hooft, G.",
    journal = "Nuclear Physics B",
    keywords = "black holes,complementarity",
    mendeley-tags = "black holes,complementarity",
    pages = "727--745",
    title = "On the quantum structure of a black hole",
    url = "http://www.sciencedirect.com/science/article/pii/0550321385904183",
    volume = "256",
    year = "1985"
}

@article{Peres1984AJP,
    author = "Peres, A.",
    doi = "10.1119/1.13586",
    issn = "00029505",
    journal = "American Journal of Physics",
    keywords = "eigenstates,eigenvectors,hilb,quantum mechanics",
    number = "7",
    pages = "644",
    publisher = "AAPT",
    title = "What is a state vector?",
    url = "https://dx.doi.org/10.1119/1.13586",
    volume = "52",
    year = "1984"
}

@article{Landauer1984_fundamental,
    author = "Landauer, R.",
    doi = "10.1111/j.1749-6632.1984.tb16518.x",
    issn = "0077-8923",
    journal = "Annals of the New York Academy of Sciences",
    keywords = "computation,thermo",
    mendeley-tags = "computation,thermo",
    month = "November",
    number = "1 Computer Cult",
    pages = "161--170",
    title = "Fundamental Physical Limitations of the Computational Process",
    url = "https://dx.doi.org/10.1111/j.1749-6632.1984.tb16518.x",
    volume = "426",
    year = "1984"
}

@article{Bekenstein1983,
    author = "Bekenstein, J.",
    doi = "10.1103/PhysRevD.27.2262",
    issn = "0556-2821",
    journal = "Physical Review D",
    keywords = "black holes",
    mendeley-tags = "black holes",
    month = "May",
    number = "10",
    pages = "2262--2270",
    publisher = "American Physical Society",
    shorttitle = "Phys. Rev. D",
    title = "Entropy bounds and the second law for black holes",
    url = "https://dx.doi.org/10.1103/PhysRevD.27.2262",
    volume = "27",
    year = "1983"
}

@article{Bennett1982IJTP_ThermodynOfComp,
    author = "Bennett, C. H.",
    doi = "10.1007/BF02084158",
    journal = "International Journal of Theoretical Physics",
    keywords = "thermo",
    mendeley-tags = "thermo",
    number = "12",
    pages = "905--940",
    title = "The thermodynamics of computation---a review",
    volume = "21",
    year = "1982",
    url = "https://dx.doi.org/10.1007/BF02084158"
}

@article{Feynman1982IJTP,
    author = "Feynman, R. P.",
    doi = "10.1007/BF02650179",
    issn = "0020-7748",
    journal = "International Journal of Theoretical Physics",
    month = "June",
    number = "6-7",
    pages = "467--488",
    publisher = "Springer Netherlands",
    title = "Simulating physics with computers",
    url = "https://dx.doi.org/10.1007/BF02650179",
    volume = "21",
    year = "1982"
}

@article{Likharev1982_limitations,
    author = "Likharev, K. K.",
    doi = "10.1007/BF01857733",
    issn = "0020-7748",
    journal = "International Journal of Theoretical Physics",
    keywords = "computation,thermo",
    mendeley-tags = "computation,thermo",
    month = "April",
    number = "3-4",
    pages = "311--326",
    title = "Classical and quantum limitations on energy consumption in computation",
    url = "https://dx.doi.org/10.1007/BF01857733",
    volume = "21",
    year = "1982"
}

@article{Agarwal1981_PhysRevA24,
    author = "Agarwal, G.",
    doi = "10.1103/PhysRevA.24.2889",
    issn = "0556-2791",
    journal = "Physical Review A",
    month = "December",
    number = "6",
    pages = "2889--2896",
    publisher = "American Physical Society",
    title = "Relation between atomic coherent-state representation, state multipoles, and generalized phase-space distributions",
    url = "https://dx.doi.org/10.1103/PhysRevA.24.2889",
    volume = "24",
    year = "1981"
}

@article{Kubo1980_means,
    author = "Kubo, F. and Ando, T.",
    doi = "10.1007/BF01371042",
    issn = "0025-5831",
    journal = "Mathematische Annalen",
    keywords = "majorization,operator means,thermo",
    mendeley-tags = "majorization,operator means,thermo",
    month = "October",
    number = "3",
    pages = "205--224",
    title = "Means of positive linear operators",
    url = "https://dx.doi.org/10.1007/BF01371042",
    volume = "246",
    year = "1980"
}

@article{Ruch1980JMAA,
    author = "Ruch, E. and Schranner, R. and Seligman, T. H.",
    doi = "10.1016/0022-247X(80)90075-X",
    issn = "0022247X",
    journal = "Journal of Mathematical Analysis and Applications",
    keywords = "thermo",
    mendeley-tags = "thermo",
    month = "July",
    number = "1",
    pages = "222--229",
    title = "Generalization of a theorem by Hardy, Littlewood, and Pólya",
    url = "https://dx.doi.org/10.1016/0022-247X(80)90075-X",
    volume = "76",
    year = "1980"
}

@article{Alicki1979_davies,
    author = "Alicki, R.",
    doi = "10.1007/BF01009517",
    issn = "0022-4715",
    journal = "Journal of Statistical Physics",
    keywords = "Master equation,entropy production,nonequilibriu",
    month = "June",
    number = "6",
    pages = "671--677",
    publisher = "Kluwer Academic Publishers-Plenum Publishers",
    title = "On the entropy production for the Davies model of heat conduction",
    url = "https://dx.doi.org/10.1007/BF01009517",
    volume = "20",
    year = "1979"
}

@article{Ruch1978JCP,
    author = "Ruch, E. and Schranner, R. and Seligman, T. H.",
    doi = "10.1063/1.436364",
    issn = "00219606",
    journal = "The Journal of Chemical Physics",
    keywords = "thermo",
    mendeley-tags = "thermo",
    number = "1",
    pages = "386",
    publisher = "AIP",
    title = "The mixing distance",
    url = "https://dx.doi.org/10.1063/1.436364",
    volume = "69",
    year = "1978"
}

@article{Lenard1978_thermodynamical,
    author = "Lenard, A.",
    doi = "10.1007/BF01011769",
    issn = "0022-4715",
    journal = "Journal of Statistical Physics",
    month = "December",
    number = "6",
    pages = "575--586",
    title = "Thermodynamical proof of the Gibbs formula for elementary quantum systems",
    url = "https://dx.doi.org/10.1007/BF01011769",
    volume = "19",
    year = "1978"
}

@article{Pusz1978_passive,
    author = "Pusz, W. and Woronowicz, S. L.",
    doi = "10.1007/BF01614224",
    journal = "Communications in Mathematical Physics",
    month = "October",
    number = "3",
    pages = "273--290",
    title = "Passive states and {KMS} states for general quantum systems",
    volume = "58",
    year = "1978",
    url = "https://dx.doi.org/10.1007/BF01614224"
}

@article{Mead1977JCP_mixing,
    author = "Mead, C. A.",
    doi = "10.1063/1.433963",
    issn = "00219606",
    journal = "The Journal of Chemical Physics",
    keywords = "majorization,thermo",
    language = "en",
    mendeley-tags = "majorization,thermo",
    month = "January",
    number = "2",
    pages = "459",
    title = "Mixing character and its application to irreversible processes in macroscopic systems",
    url = "https://dx.doi.org/10.1063/1.433963",
    volume = "66",
    year = "1977"
}

@article{Ruch1976_increasingmixing,
    author = "Ruch, E. and Mead, A.",
    doi = "10.1007/BF01178071",
    issn = "0040-5744",
    journal = "Theoretica Chimica Acta",
    keywords = "chemistry,majorization,thermo",
    mendeley-tags = "chemistry,majorization,thermo",
    number = "2",
    pages = "95--117",
    title = "The principle of increasing mixing character and some of its consequences",
    url = "https://dx.doi.org/10.1007/BF01178071",
    volume = "41",
    year = "1976"
}

@article{Unruh1976_notes,
    author = "Unruh, W.",
    doi = "10.1103/PhysRevD.14.870",
    issn = "0556-2821",
    journal = "Physical Review D",
    keywords = "black holes,unruh",
    mendeley-tags = "black holes,unruh",
    month = "August",
    number = "4",
    pages = "870--892",
    publisher = "American Physical Society",
    shorttitle = "Phys. Rev. D",
    title = "Notes on black-hole evaporation",
    url = "https://dx.doi.org/10.1103/PhysRevD.14.870",
    volume = "14",
    year = "1976"
}

@article{Uhlmann1976_transitionprob,
    author = "Uhlmann, A.",
    doi = "10.1016/0034-4877(76)90060-4",
    issn = "00344877",
    journal = "Reports on Mathematical Physics",
    keywords = "fidelity",
    mendeley-tags = "fidelity",
    month = "April",
    number = "2",
    pages = "273--279",
    title = "The “transition probability” in the state space of a C*-algebra",
    url = "https://dx.doi.org/10.1016/0034-4877(76)90060-4",
    volume = "9",
    year = "1976"
}

@article{Ruch1975_diagramlattice,
    author = "Ruch, E.",
    doi = "10.1007/BF01125896",
    issn = "0040-5744",
    journal = "Theoretica Chimica Acta",
    keywords = "majorization,thermo",
    mendeley-tags = "majorization,thermo",
    number = "3",
    pages = "167--183",
    title = "The diagram lattice as structural principle A. New aspects for representations and group algebra of the symmetric group B. Definition of classification character, mixing character, statistical order, statistical disorder; A general principle for the time",
    url = "https://dx.doi.org/10.1007/BF01125896",
    volume = "38",
    year = "1975"
}

@article{Ochs1975_axiomatic,
    author = "Ochs, W.",
    doi = "10.1016/0034-4877(75)90022-1",
    issn = "00344877",
    journal = "Reports on Mathematical Physics",
    keywords = "entropy",
    mendeley-tags = "entropy",
    month = "August",
    number = "1",
    pages = "109--120",
    title = "A new axiomatic characterization of the von {Neumann} entropy",
    url = "https://dx.doi.org/10.1016/0034-4877(75)90022-1",
    volume = "8",
    year = "1975"
}

@article{Hawking1975_evaporation,
    author = "Hawking, S. W.",
    doi = "10.1007/BF02345020",
    issn = "0010-3616",
    journal = "Communications In Mathematical Physics",
    keywords = "black holes,hawking radiation,thermo",
    mendeley-tags = "black holes,hawking radiation,thermo",
    month = "August",
    number = "3",
    pages = "199--220",
    title = "Particle creation by black holes",
    url = "https://dx.doi.org/10.1007/BF02345020",
    volume = "43",
    year = "1975"
}

@article{Aczel1974AAP_natural,
    author = "Aczél, J. and Forte, B. and Ng, C. T.",
    issn = "00018678",
    journal = "Advances in Applied Probability",
    number = "1",
    pages = "131--146",
    publisher = "Applied Probability Trust",
    title = "Why the Shannon and Hartley Entropies Are 'Natural'",
    url = "http://www.jstor.org/stable/1426210",
    volume = "6",
    year = "1974"
}

@article{Bekenstein1974_gen2ndlaw,
    author = "Bekenstein, J.",
    doi = "10.1103/PhysRevD.9.3292",
    issn = "0556-2821",
    journal = "Physical Review D",
    keywords = "black holes,holographic principle,thermo",
    mendeley-tags = "black holes,holographic principle,thermo",
    month = "June",
    number = "12",
    pages = "3292--3300",
    publisher = "American Physical Society",
    shorttitle = "Phys. Rev. D",
    title = "Generalized second law of thermodynamics in black-hole physics",
    url = "https://dx.doi.org/10.1103/PhysRevD.9.3292",
    volume = "9",
    year = "1974"
}

@article{SheppLogan1974IEEE,
    author = "Shepp, L. A. and Logan, B. F.",
    doi = "10.1109/TNS.1974.4327466",
    issn = "0018-9499",
    journal = "IEEE Transactions on Nuclear Science",
    month = "February",
    number = "1",
    pages = "228--236",
    title = "Reconstructing Interior Head Tissue from X-Ray Transmissions",
    url = "https://dx.doi.org/10.1109/TNS.1974.4327466",
    volume = "21",
    year = "1974"
}

@article{Uhlmann1973_EdDMII,
    author = "Uhlmann, A.",
    journal = "Wiss. Z. Karl-Marx-Univ. Leipzig, Math.-Naturwiss.",
    pages = "139--177",
    title = "Endlich-dimensionale Dichtematrizen {II}",
    url = "http://www.physik.uni-leipzig.de/ uhlmann/papers.html",
    volume = "22",
    year = "1973"
}

@article{Bennett1973IBMJRD_LogRevComp,
    author = "Bennett, C. H.",
    doi = "10.1147/rd.176.0525",
    issn = "0018-8646",
    journal = "IBM Journal of Research and Development",
    keywords = "thermo",
    mendeley-tags = "thermo",
    month = "November",
    number = "6",
    pages = "525--532",
    title = "Logical Reversibility of Computation",
    url = "https://dx.doi.org/10.1147/rd.176.0525",
    volume = "17",
    year = "1973"
}

@article{Bekenstein1973PRD_Hologr,
    author = "Bekenstein, J. D.",
    doi = "10.1103/PhysRevD.7.2333",
    issn = "0556-2821",
    journal = "Physical Review D",
    keywords = "black holes,holographic principle,thermo",
    mendeley-tags = "black holes,holographic principle,thermo",
    month = "April",
    number = "8",
    pages = "2333--2346",
    publisher = "American Physical Society",
    shorttitle = "Phys. Rev. D",
    title = "Black Holes and Entropy",
    url = "https://dx.doi.org/10.1103/PhysRevD.7.2333",
    volume = "7",
    year = "1973"
}

@article{Uhlmann1972_EdDMI,
    author = "Uhlmann, A.",
    journal = "Wiss. Z. Karl-Marx-Univ. Leipzig, Math.-Naturwiss.",
    pages = "421--452",
    title = "Endlich-dimensionale Dichtematrizen {I}",
    url = "http://www.physik.uni-leipzig.de/ uhlmann/papers.html",
    volume = "21",
    year = "1972"
}

@article{Uhlmann1971_Dichtematrizen,
    author = "Uhlmann, A.",
    journal = "Wiss. Z. Karl-Marx-Univ. Leipzig, Math.-Naturwiss.",
    keywords = "density operator,uhlmann",
    mendeley-tags = "density operator,uhlmann",
    pages = "633--637",
    title = "Sätze über Dichtematrizen",
    url = "http://www.physik.uni-leipzig.de/ uhlmann/PDF/Uh71b.pdf http://www.physik.uni-leipzig.de/ uhlmann/papers.html",
    volume = "20",
    year = "1971"
}

@article{Landauer1971_minimal,
    author = "Landauer, R. and Woo, J. W. F.",
    doi = "10.1063/1.1660540",
    isbn = "doi:10.1063/1.1660540",
    issn = "00218979",
    journal = "Journal of Applied Physics",
    keywords = "computation,thermo",
    mendeley-tags = "computation,thermo",
    month = "December",
    number = "6",
    pages = "2301",
    publisher = "American Institute of Physics",
    title = "Minimal Energy Dissipation and Maximal Error for the Computational Process",
    url = "https://dx.doi.org/10.1063/1.1660540",
    volume = "42",
    year = "1971"
}

@article{Christodoulou1970_reversible,
    author = "Christodoulou, D.",
    doi = "10.1103/PhysRevLett.25.1596",
    issn = "0031-9007",
    journal = "Physical Review Letters",
    keywords = "black holes,holographic principle,thermo",
    mendeley-tags = "black holes,holographic principle,thermo",
    month = "November",
    number = "22",
    pages = "1596--1597",
    publisher = "American Physical Society",
    shorttitle = "Phys. Rev. Lett.",
    title = "Reversible and Irreversible Transformations in Black-Hole Physics",
    url = "https://dx.doi.org/10.1103/PhysRevLett.25.1596",
    volume = "25",
    year = "1970"
}

@article{Uhlmann1970_shannon,
    author = "Uhlmann, A.",
    doi = "10.1016/0034-4877(70)90009-1",
    issn = "00344877",
    journal = "Reports on Mathematical Physics",
    keywords = "majorization",
    mendeley-tags = "majorization",
    month = "October",
    number = "2",
    pages = "147--159",
    title = "On the Shannon entropy and related functionals on convex sets",
    url = "https://dx.doi.org/10.1016/0034-4877(70)90009-1",
    volume = "1",
    year = "1970"
}

@article{Keyes1970IBMJRD_5391667,
    author = "Keyes, R. W. and Landauer, R.",
    doi = "10.1147/rd.142.0152",
    issn = "0018-8646",
    journal = "IBM Journal of Research and Development",
    keywords = "thermo",
    mendeley-tags = "thermo",
    month = "March",
    number = "2",
    pages = "152--157",
    title = "Minimal Energy Dissipation in Logic",
    url = "https://dx.doi.org/10.1147/rd.142.0152",
    volume = "14",
    year = "1970"
}

@article{Helstrom1969_detection,
    author = "Helstrom, C. W.",
    doi = "10.1007/BF01007479",
    issn = "0022-4715",
    journal = "Journal of Statistical Physics",
    keywords = "hypothesis testing,tomo,tomography",
    mendeley-tags = "hypothesis testing,tomo,tomography",
    number = "2",
    pages = "231--252",
    title = "Quantum detection and estimation theory",
    url = "https://dx.doi.org/10.1007/BF01007479",
    volume = "1",
    year = "1969"
}

@article{Bures1969_extension,
    author = "Bures, D.",
    doi = "10.1090/S0002-9947-1969-0236719-2",
    issn = "0002-9947",
    journal = "Transactions of the American Mathematical Society",
    keywords = "bures metric,fidelity",
    mendeley-tags = "bures metric,fidelity",
    pages = "199--199",
    title = "An extension of Kakutani’s theorem on infinite product measures to the tensor product of semifinite $w\sp{\ast} $-algebras",
    url = "https://dx.doi.org/10.1090/S0002-9947-1969-0236719-2",
    volume = "135",
    year = "1969"
}

@article{Cahill1969_DensOpAndQuasiProbDist,
    author = "Cahill, K. and Glauber, R.",
    doi = "10.1103/PhysRev.177.1882",
    issn = "0031-899X",
    journal = "Physical Review",
    month = "January",
    number = "5",
    pages = "1882--1902",
    publisher = "American Physical Society",
    title = "Density Operators and Quasiprobability Distributions",
    url = "https://dx.doi.org/10.1103/PhysRev.177.1882",
    volume = "177",
    year = "1969"
}

@article{Helstrom1967_minimum,
    author = "Helstrom, C.W.",
    doi = "10.1016/0375-9601(67)90366-0",
    issn = "03759601",
    journal = "Physics Letters A",
    keywords = "bures metric",
    mendeley-tags = "bures metric",
    month = "July",
    number = "2",
    pages = "101--102",
    title = "Minimum mean-squared error of estimates in quantum statistics",
    url = "https://dx.doi.org/10.1016/0375-9601(67)90366-0",
    volume = "25",
    year = "1967"
}

@article{Geusic1967_quatum,
    author = "Geusic, J. and Schulz-DuBios, E. and Scovil, H.",
    doi = "10.1103/PhysRev.156.343",
    issn = "0031-899X",
    journal = "Physical Review",
    month = "April",
    number = "2",
    pages = "343--351",
    publisher = "American Physical Society",
    title = "Quantum Equivalent of the Carnot Cycle",
    url = "https://dx.doi.org/10.1103/PhysRev.156.343",
    volume = "156",
    year = "1967"
}

@article{Aharonov1967PR_charge,
    author = "Aharonov, Y. and Susskind, L.",
    doi = "10.1103/PhysRev.155.1428",
    issn = "0031-899X",
    journal = "Physical Review",
    keywords = "charge,reference frame,superselection",
    mendeley-tags = "charge,reference frame,superselection",
    month = "March",
    number = "5",
    pages = "1428--1431",
    title = "Charge Superselection Rule",
    url = "https://dx.doi.org/10.1103/PhysRev.155.1428",
    volume = "155",
    year = "1967"
}

@article{Jaynes1965_GibbsvsBoltzman,
    author = "Jaynes, E. T.",
    doi = "10.1119/1.1971557",
    isbn = "doi:10.1119/1.1971557",
    issn = "00029505",
    journal = "American Journal of Physics",
    keywords = "Gibbs entropy,thermodynamics",
    language = "en",
    mendeley-tags = "Gibbs entropy,thermodynamics",
    month = "May",
    number = "5",
    pages = "391",
    publisher = "American Association of Physics Teachers",
    title = "Gibbs vs Boltzmann Entropies",
    url = "https://dx.doi.org/10.1119/1.1971557",
    volume = "33",
    year = "1965"
}

@article{Cormack1964JAP,
    author = "Cormack, A. M.",
    doi = "10.1063/1.1713127",
    issn = "00218979",
    journal = "Journal of Applied Physics",
    number = "10",
    pages = "2908",
    publisher = "AIP",
    title = "Representation of a Function by Its Line Integrals, with Some Radiological Applications. {II}",
    url = "https://dx.doi.org/10.1063/1.1713127",
    volume = "35",
    year = "1964"
}

@article{Bell1964,
    author = "Bell, J. S.",
    issn = "0554-128X",
    journal = "Physics",
    keywords = "{Bell}'s paper,EPR paradox,entanglement,hidden variables",
    mendeley-tags = "{Bell}'s paper,EPR paradox,entanglement,hidden variables",
    pages = "195",
    publisher = "Physics Publishing Company",
    title = "On the Einstein-Podolsky-Rosen paradox",
    url = "http://books.google.co.uk/books?id=c3JDAQAAIAAJ",
    volume = "1",
    year = "1964"
}

@article{Cormack1963JAP,
    author = "Cormack, A. M.",
    doi = "10.1063/1.1729798",
    issn = "00218979",
    journal = "Journal of Applied Physics",
    number = "9",
    pages = "2722",
    publisher = "AIP",
    title = "Representation of a Function by Its Line Integrals, with Some Radiological Applications",
    url = "https://dx.doi.org/10.1063/1.1729798",
    volume = "34",
    year = "1963"
}

@incollection{Gabor1961_LightInf,
    author = "Gabor, D.",
    editor = "Wolf, E",
    booktitle = "Progress in Optics",
    doi = "10.1016/S0079-6638(08)70609-7",
    issn = "0079-6638",
    keywords = "information,light,optics,thermo",
    mendeley-tags = "information,light,optics,thermo",
    pages = "109--153",
    publisher = "Elsevier",
    series = "Progress in Optics",
    title = "IV Light and Information",
    url = "https://dx.doi.org/10.1016/S0079-6638(08)70609-7",
    volume = "1",
    year = "1961"
}

@article{Landauer1961_5392446Erasure,
    author = "Landauer, R.",
    doi = "10.1147/rd.53.0183",
    issn = "0018-8646",
    journal = "IBM Journal of Research and Development",
    keywords = "thermo",
    mendeley-tags = "thermo",
    month = "July",
    number = "3",
    pages = "183--191",
    title = "Irreversibility and Heat Generation in the Computing Process",
    volume = "5",
    year = "1961",
    url = "https://dx.doi.org/10.1147/rd.53.0183"
}

@inproceedings{Renyi1960_MeasOfEntrAndInf,
    author = "Rényi, A.",
    booktitle = "Proceedings of the Fourth Berkeley Symposium on Mathematical Statistics and Probability, Vol. 1: Contributions to the Theory of Statistics",
    month = "June",
    pages = "547--561",
    title = "On Measures of Entropy and Information",
    url = "http://projecteuclid.org/euclid.bsmsp/1200512181",
    year = "1960"
}

@article{Scovil1959_masers,
    author = "Scovil, H. and Schulz-DuBois, E.",
    doi = "10.1103/PhysRevLett.2.262",
    issn = "0031-9007",
    journal = "Physical Review Letters",
    month = "March",
    number = "6",
    pages = "262--263",
    title = "Three-Level Masers as Heat Engines",
    url = "https://dx.doi.org/10.1103/PhysRevLett.2.262",
    volume = "2",
    year = "1959"
}

@article{Jaynes1957PR_InfThStatMech2,
    author = "Jaynes, E. T.",
    doi = "10.1103/PhysRev.108.171",
    issn = "0031-899X",
    journal = "Physical Review",
    keywords = "maxent,statistical mechanics,thermo",
    mendeley-tags = "maxent,statistical mechanics,thermo",
    month = "October",
    number = "2",
    pages = "171--190",
    publisher = "American Physical Society",
    shorttitle = "Phys. Rev.",
    title = "Information Theory and Statistical Mechanics. {II}",
    url = "https://dx.doi.org/10.1103/PhysRev.108.171",
    volume = "108",
    year = "1957"
}

@article{Everett1957RMP,
    author = "Everett, H.",
    doi = "10.1103/RevModPhys.29.454",
    issn = "0034-6861",
    journal = "Reviews of Modern Physics",
    month = "July",
    number = "3",
    pages = "454--462",
    publisher = "American Physical Society",
    title = {"Relative State" Formulation of Quantum Mechanics},
    url = "https://dx.doi.org/10.1103/RevModPhys.29.454",
    volume = "29",
    year = "1957"
}

@article{Jaynes1957PR_InfThStatMech,
    author = "Jaynes, E. T.",
    doi = "10.1103/PhysRev.106.620",
    issn = "0031-899X",
    journal = "Physical Review",
    keywords = "maxent,statistical mechanics,thermo",
    mendeley-tags = "maxent,statistical mechanics,thermo",
    month = "May",
    number = "4",
    pages = "620--630",
    publisher = "American Physical Society",
    shorttitle = "Phys. Rev.",
    title = "Information Theory and Statistical Mechanics",
    url = "https://dx.doi.org/10.1103/PhysRev.106.620",
    volume = "106",
    year = "1957"
}

@article{Fano1957_RevModPhys29,
    author = "Fano, U.",
    doi = "10.1103/RevModPhys.29.74",
    issn = "0034-6861",
    journal = "Reviews of Modern Physics",
    month = "January",
    number = "1",
    pages = "74--93",
    publisher = "American Physical Society",
    title = "Description of States in Quantum Mechanics by Density Matrix and Operator Techniques",
    url = "https://dx.doi.org/10.1103/RevModPhys.29.74",
    volume = "29",
    year = "1957"
}

@book{HardyLittlewoodPolyaInequalities1952,
    author = "Hardy, G. H. and Littlewood, J. E. and Pólya, G.",
    isbn = "9780521358804",
    publisher = "Cambridge University Press",
    series = "Cambridge Mathematical Library",
    title = "Inequalities",
    year = "1952"
}

@article{Duffin52TAMS,
    author = "Duffin, R. J. and Schaeffer, A. C.",
    doi = "10.1090/S0002-9947-1952-0047179-6",
    issn = "0002-9947",
    journal = "Transactions of the American Mathematical Society",
    month = "February",
    number = "2",
    pages = "341--341",
    publisher = "American Mathematical Society",
    title = "A class of nonharmonic Fourier series",
    url = "https://dx.doi.org/10.1090/S0002-9947-1952-0047179-6",
    volume = "72",
    year = "1952"
}

@article{Brillouin1951_Maxwells,
    author = "Brillouin, L.",
    doi = "10.1063/1.1699951",
    issn = "00218979",
    journal = "Journal of Applied Physics",
    keywords = "{Maxwell}'s demon,information,thermo",
    language = "en",
    mendeley-tags = "{Maxwell}'s demon,information,thermo",
    month = "March",
    number = "3",
    pages = "334",
    title = "{Maxwell}'s Demon Cannot Operate: Information and Entropy. {I}",
    url = "https://dx.doi.org/10.1063/1.1699951",
    volume = "22",
    year = "1951"
}

@article{Feynman1949PR_TheoryOfPositrons,
    author = "Feynman, R.",
    doi = "10.1103/PhysRev.76.749",
    issn = "0031-899X",
    journal = "Physical Review",
    month = "September",
    number = "6",
    pages = "749--759",
    publisher = "American Physical Society",
    title = "The Theory of Positrons",
    url = "https://dx.doi.org/10.1103/PhysRev.76.749",
    volume = "76",
    year = "1949"
}

@article{Shannon1948BSTJ,
    author = "Shannon, C. E.",
    journal = "The {Bell} System Technical Journal",
    month = "July",
    pages = "379--423",
    title = "A Mathematical Theory of Communication",
    url = "http://cm.bell-labs.com/cm/ms/what/shannonday/paper.html",
    volume = "27",
    year = "1948"
}

@article{Feynman1948PathIntegral,
    author = "Feynman, R.",
    doi = "10.1103/RevModPhys.20.367",
    issn = "0034-6861",
    journal = "Reviews of Modern Physics",
    month = "April",
    number = "2",
    pages = "367--387",
    publisher = "American Physical Society",
    title = "Space-Time Approach to Non-Relativistic Quantum Mechanics",
    url = "https://dx.doi.org/10.1103/RevModPhys.20.367",
    volume = "20",
    year = "1948"
}

@article{Einstein1935_EPR,
    author = "Einstein, A. and Podolsky, B. and Rosen, N.",
    doi = "10.1103/PhysRev.47.777",
    issn = "0031-899X",
    journal = "Physical Review",
    month = "May",
    number = "10",
    pages = "777--780",
    publisher = "American Physical Society",
    title = "Can Quantum-Mechanical Description of Physical Reality Be Considered Complete?",
    url = "https://dx.doi.org/10.1103/PhysRev.47.777",
    volume = "47",
    year = "1935"
}

@article{Dirac1933LagrangianInQM,
    author = "Dirac, P. A. M.",
    issn = "0369-9811",
    journal = "Physikalische Zeitschrift der Sowjetunion",
    number = "1",
    pages = "64--72",
    title = "The Lagrangian in Quantum Mechanics",
    url = "http://ebooks.worldscinet.com/ISBN/9789812567635/9789812567635_0003.html",
    volume = "3",
    year = "1933"
}

@article{Wigner1932_PhysRev40,
    author = "Wigner, E.",
    doi = "10.1103/PhysRev.40.749",
    issn = "0031-899X",
    journal = "Physical Review",
    keywords = "thermo",
    mendeley-tags = "thermo",
    month = "June",
    number = "5",
    pages = "749--759",
    publisher = "American Physical Society",
    title = "On the Quantum Correction For Thermodynamic Equilibrium",
    url = "https://dx.doi.org/10.1103/PhysRev.40.749",
    volume = "40",
    year = "1932"
}

@article{Szilard1929ZeitschriftFuerPhysik,
    author = "Szilard, L.",
    doi = "10.1007/BF01341281",
    issn = "1434-6001",
    journal = "Zeitschrift für Physik",
    keywords = "thermo",
    mendeley-tags = "thermo",
    month = "November",
    number = "11-12",
    pages = "840--856",
    publisher = "Springer Berlin / Heidelberg",
    title = "Über die Entropieverminderung in einem thermodynamischen System bei Eingriffen intelligenter Wesen",
    url = "https://dx.doi.org/10.1007/BF01341281",
    volume = "53",
    year = "1929"
}

@article{Smoluchowski1912_brownianratchet,
    author = "von Smoluchowski, M.",
    journal = "Physik. Zeitschr.",
    pages = "1069--1080",
    title = "Experimentell nachweisbare, der ublichen Thermodynamik widersprechende Molekularphanomene",
    volume = "XIII",
    year = "1912"
}

@article{Smoluchowski1906_brownianmotion,
    author = "von Smoluchowski, M.",
    doi = "10.1002/andp.19063261405",
    issn = "00033804",
    journal = "Annalen der Physik",
    number = "14",
    pages = "756--780",
    title = "Zur kinetischen Theorie der Brownschen Molekularbewegung und der Suspensionen",
    url = "https://dx.doi.org/10.1002/andp.19063261405",
    volume = "326",
    year = "1906"
}
