


@article{specialentries,
abstract = {\c cedilla char is in name: Fran\c cois P\'erusse. You Like \b bars under \b letters?},
author = {Dupont, Jean and Xyz, Jo\~ao and \AA serlund, \O vjsesen and Dvo\v rak, Anotonin},
journal = {Nature},
month = jun,
number = {9000},
pages = {161--163},
publisher = {Nature Publishing Group, a division of Macmillan Publishers Limited. All Rights Reserved.},
shorttitle = {Nature},
title = {{The \o verfluctuatio\~n hyp\o thesis v\^erified foor qu\`antum pr\o cesses}},
url = {http://dx.doi.org/10.1038/nature1234567},
volume = {476},
year = {2030}
}

