                  
% this bibtex file will be loaded by referring to the "raw view" directly on github

@ARTICLE{2009arXiv0907.5238T,
       author = {{Tomamichel}, Marco and {Colbeck}, Roger and {Renner}, Renato},
        title = "{Duality Between Smooth Min- and Max-Entropies}",
      journal = {arXiv e-prints},
     keywords = {Quantum Physics},
         year = "2009",
        month = "Jul",
          eid = {arXiv:0907.5238},
        pages = {arXiv:0907.5238},
archivePrefix = {arXiv},
       eprint = {0907.5238},
 primaryClass = {quant-ph},
       adsurl = {https://ui.adsabs.harvard.edu/abs/2009arXiv0907.5238T},
      adsnote = {Provided by the SAO/NASA Astrophysics Data System}
}
